6184 4614
367 283 477 446 6

493 519 514 579 3

1454 273 1666 333 1754

1474 426 1660 486 Mai

691 520 916 580 Remis
972 522 991 582 à
1067 522 1216 582 eftr.
1235 520 1293 580 le
1349 518 1648 578 Baillif
1686 513 1781 573 d'à
1837 509 1967 569 efle
2043 505 2192 565 pour
2229 501 2324 561 les
2343 499 2455 559 re-

584 624 855 684 mercier
934 622 1001 682 de
1059 620 1319 680 m'avoir
1386 617 1601 677 donné
1669 613 1895 673 auprès
1953 610 2020 670 de
2054 608 2201 668 LE.
2235 606 2383 666 C,

584 738 642 798 la
690 732 1391 792 receommandation
1451 725 1462 785 à
1545 722 1603 782 la
1685 718 1942 778 charge
2000 713 2060 773 de
2094 708 2292 768 Lieu¬

581 848 838 908 tenant
904 843 1338 903 Baillival
1418 835 1500 895 25
1569 830 1784 890 double
1839 824 2041 884 Louis
2096 820 2340 880 neufs.

2416 818 2430 878 α

2594 818 2711 878 800

2885 829 2908 889 1

594 981 828 1041 Beau
908 978 1181 1038 soleil,
1207 976 1325 1036 bise
1389 972 1638 1032 pluye
1690 968 1742 1028 le
1793 964 1963 1024 soir.

1325 1088 1438 1148 Du
1523 1092 1608 1152 4.

572 1200 640 1260 Le
677 1200 951 1260 Garçon
1055 1198 1435 1258 Meunier
1486 1196 1520 1256 à
1590 1192 1832 1252 amene
1866 1191 1883 1251 :
1917 1189 1970 1249 le
2021 1188 2055 1248 3
2142 1188 2244 1248 sac
2297 1186 2503 1246 Hlebel

626 1319 777 1379 pour
835 1315 1326 1375 l'amodiation
1407 1308 1570 1368 1754
1653 1304 1710 1364 du
1770 1300 2050 1360 moulin
2119 1297 2177 1357 de
2213 1296 2482 1356 Trissier.

2668 1295 2710 1355 et
2773 1292 2915 1352 sac.

1305 1422 1409 1482 Du
1477 1426 1568 1486 dit
1603 1428 1729 1488 jour

590 1551 813 1611 Acheté
883 1560 1051 1620 d'une
1092 1562 1358 1622 femme
1442 1562 1511 1622 24
1568 1560 1903 1620 bouteilles
1946 1560 2100 1620 fines
2141 1560 2169 1620 à
2226 1561 2253 1621 1
2309 1564 2476 1624 solo-

2680 1546 2780 1608 et

1301 1682 1405 1742 Du
1457 1687 1562 1747 dit
1613 1688 1757 1748 jour

663 1834 881 1894 Payé
935 1836 953 1896 à
1044 1839 1207 1899 Mr.
1225 1842 1497 1902 Crousay
1552 1845 1606 1905 de
1679 1846 1913 1906 Corsier
1987 1846 2058 1906 pr
2096 1846 2185 1906 un
2223 1844 2478 1904 Intérêr

588 1940 726 2000 échu
818 1940 865 2000 le
911 1941 1003 2001 28
1083 1944 1269 2004 Mai
1326 1947 1500 2007 1753
1591 1952 1649 2012 de
1708 1954 1754 2014 la
1822 1957 2076 2017 somme
2122 1959 2180 2019 de
2216 1960 2273 2020 L.
2284 1960 2445 2020 1200:

2602 1905 2792 2015 48:,,
1328 2052 1424 2112 Du
1476 2057 1582 2117 dit
1644 2063 1782 2123 jour

589 2179 826 2239 Remis
878 2183 891 2243 à
970 2188 1141 2248 Mr.
1180 2196 1524 2256 Seigneux
1615 2203 1774 2263 pour
1839 2208 1996 2268 nôtre
2063 2208 2470 2268 contribution

574 2278 962 2338 charitable
1039 2287 1050 2347 à
1162 2292 1206 2352 la
1284 2297 1550 2357 Collecte
1605 2302 1673 2362 de
1717 2304 1772 2364 la
1839 2308 2217 2368 Bennière
2283 2306 2338 2366 de

569 2392 815 2452 Bourg
902 2395 960 2455 pr
1046 2403 1218 2463 1754

2657 2396 2739 2456 30

567 2542 751 2602 sems
800 2545 1158 2605 veriable,
1195 2551 1589 2611 intervalles
1650 2556 1725 2616 de
1774 2558 2008 2618 soleil,
2033 2560 2168 2620 vent
2217 2560 2341 2620 d'Est
2365 2560 2488 2620 froid

1308 2662 1414 2722 Du
1496 2670 1567 2730 5.

543 2727 558 2787 A
665 2736 923 2796 Cazabi
985 2747 1121 2807 39.
1166 2751 1181 2811 à
1258 2758 1592 2818 Vernand
1669 2760 1684 2820 à
1759 2758 1790 2818 7
1850 2755 1987 2815 bats

582 2843 607 2903 A
696 2853 987 2913 lorion
1052 2858 1357 2918 Sechaud
1420 2860 1559 2920 37.
1611 2861 1776 2921 pour
1827 2863 1903 2923 les
1954 2867 2119 2927 pres.

577 2981 775 3041 Beau
860 2987 1119 3047 soleil,
1146 2987 1317 3047 temis
1380 2984 1590 3044 chand
1676 2981 1800 3041 bise
1849 2978 2084 3038 foible.

561 3118 626 3178 Le
675 3127 972 3187 Métral
1021 3134 1121 3194 ma
1187 3137 1285 3197 dir
1334 3141 1450 3201 que
1516 3142 1581 3202 le
1630 3144 1763 3204 prix
1829 3144 1894 3204 du
1976 3143 2224 3203 Messel
2273 3140 2537 3200 pouvoir

543 3216 664 3276 être
724 3225 845 3285 mis
890 3231 920 3291 à
996 3238 1088 3298 44
1147 3246 1328 3306 bats,
1373 3251 1450 3311 les
1494 3255 1526 3315 4
1601 3258 1722 3318 Gr.
1737 3262 1994 3322 fournis
2069 3264 2084 3324 à
2175 3262 2447 3322 Verner,

1311 3379 1429 3439 Du
1495 3386 1522 3446 6

584 3483 612 3543 A
685 3489 872 3549 Lutry
929 3499 1245 3559 étrennes
1317 3508 1376 3568 au
1476 3519 1878 3579 Papregay.

582 3616 873 3676 Bonard
921 3622 945 3682 i
1017 3625 1043 3685 a
1103 3629 1248 3689 fair
1320 3639 1623 3699 conduire
1683 3646 1707 3706 à
1793 3651 1986 3711 Lutry
2034 3656 2096 3716 en
2168 3661 2409 3721 Voiture

550 3714 613 3774 je
656 3724 910 3784 compte
974 3732 1036 3792 de
1100 3737 1206 3797 lui
1258 3746 1491 3806 donner
1597 3756 1618 3816 4
1713 3768 1958 3828 francs.

1246 3860 1348 3920 Du
1424 3873 1541 3933 Pir
1592 3883 1758 3943 jour.

571 3952 584 4012 A
659 3961 963 4021 Jusanne
1040 3977 1395 4037 Riccaud
1470 3992 1787 4052 servante
1864 4001 1939 4061 pr
2003 4004 2091 4064 ses
2141 4007 2345 4067 gages
2408 4008 2483 4068 des

544 4061 786 4121 années
848 4076 1060 4136 17521
1112 4082 1132 4142 &
1192 4089 1436 4149 1753,
1446 4096 1608 4156 L.72
1690 4102 1822 4162 pus
1872 4106 1964 4166 pr.
1974 4107 2044 4167 20
2084 4109 2236 4169 jours
2278 4111 2318 4171 en
2368 4114 2500 4174 susà

556 4194 808 4254 Grande
833 4199 1149 4259 Chaleure
1211 4202 1363 4262 beau
1425 4206 1664 4266 soleil,
1690 4209 1829 4269 Vend
1904 4212 2005 4272 sud
2093 4213 2168 4273 est

537 4295 737 4355 petite
806 4300 1031 4360 pluye
1088 4304 1123 4364 le
1171 4306 1312 4366 soir
1406 4309 1748 4369 tonnerres.

2682 2776 2710 2836 2

2689 2896 2763 2956 cté

2728 3262 2752 3322 3

2665 4131 2743 4191 74

2834 2784 2895 2844 2°

2829 2896 2905 2956 43

2790 3257 2903 3317 121

2790 3521 2900 3581 103

4233 266 4428 326 1754

4229 407 4432 467 Mai
4483 410 4517 470 7

3429 540 3709 600 Envoyé
3769 541 3788 601 à
3850 542 4009 602 Mr.
4051 540 4371 600 Antoine
4430 536 4713 596 Grenier
4752 533 4832 593 pr
4871 531 5032 591 solde
5072 528 5194 588 d'un
5253 524 5375 584 nt.

3437 652 3590 712 écku
3660 652 3708 712 le
3778 652 3885 712 1er
3955 650 4168 710 Mars
4227 648 4392 708 1754
4462 646 4522 706 de
4568 645 4615 705 la
4687 642 4793 702 toe
4864 639 4922 699 de
4958 635 5217 695 L800,
5229 629 5359 689 qu'il

3433 762 3587 822 nous
3623 762 3646 822 à
3718 762 3908 822 prêtes
3955 762 4014 822 en
4087 762 4347 822 qualité
4408 762 4455 822 de
4490 761 4704 821 futeur
4752 759 4811 819 de
4870 755 5120 815 l'hoirie
5156 750 5357 810 defteur

3478 870 3736 930 Tabac
3846 864 3872 924 3
3955 858 4091 918 sols.

3460 961 3636 1021 Bleu
3770 952 3780 1012 -
3846 953 3923 1013 21

3839 1042 3868 1102 2
3457 1045 3564 1105 Cire

3458 1171 3614 1231 Port
3657 1166 3671 1226 d
3769 1161 3968 1221 lettre
4038 1149 4066 1209 3

4094 1238 4130 1298 7

3448 1256 3673 1316 Gratif
3720 1256 3736 1316 à
3785 1258 3993 1318 Vioman
4042 1250 4107 1310 3.

3430 1393 3731 1453 Chaleur
3787 1402 3936 1462 assez
3992 1409 4238 1469 grand,
4266 1414 4498 1474 Grand
4539 1417 4744 1477 venr,
4773 1417 4963 1477 baron
5033 1415 5155 1475 être
5198 1411 5320 1471 fort

3447 1498 3574 1558 bas,
3618 1504 3832 1564 plusé
3888 1508 3946 1568 le
4004 1510 4188 1570 soir.

4248 1603 4335 1663 8.

3431 1690 3630 1750 Reçu
3705 1698 3766 1758 du
3843 1702 3934 1762 Sr
3964 1708 4224 1768 Gentil
4286 1712 4437 1772 pour
4500 1713 4545 1773 le
4606 1713 4865 1773 compte
4912 1711 4973 1771 de
5018 1708 5156 1768 Mr.
5202 1705 5247 1765 de

3405 1793 3618 1853 Tavel
3697 1807 4202 1867 d’Oberhoffen
4295 1813 4362 1873 un
4442 1814 4574 1874 Inr
4654 1812 4841 1872 échu
4920 1811 4960 1871 le
5026 1809 5106 1869 24
5159 1806 5278 1866 Juin

3435 1908 3566 1968 1753
3652 1910 3718 1970 de
3750 1910 3815 1970 la
3891 1910 3999 1970 soc
4075 1912 4141 1972 de
4185 1912 4261 1972 L.
4293 1916 4445 1976 300:

4211 2026 4270 2086 du
4349 2028 4438 2088 dit
4518 2026 4637 2086 jour

3403 2130 3588 2190 Reçu
3655 2132 3720 2192 du
3773 2136 3998 2196 même
4077 2139 4144 2199 pr
4196 2141 4263 2201 un
4342 2144 4594 2204 Intérêt
4633 2146 4792 2206 échu
4872 2148 4911 2208 le
4964 2148 4991 2208 6
5057 2148 5242 2208 Avrit

3399 2245 3562 2305 11754
3620 2242 3681 2302 de
3724 2240 3783 2300 la
3858 2238 3960 2298 soe
4050 2240 4109 2300 de
4169 2241 4184 2301 L
4288 2244 4436 2304 200:
4495 2248 4643 2308 qu'il
4701 2251 4866 2311 nous
4925 2252 5087 2312 doit

4188 2359 4249 2419 du
4319 2364 4399 2424 dit
4460 2363 4635 2423 jour.

3414 2465 3653 2525 saty
3720 2467 3923 2527 Vales
3992 2468 4042 2528 de
4111 2469 4247 2529 MMr.
4298 2470 4348 2530 de
4434 2470 4654 2530 Tavel
4706 2470 4842 2530 fils
4892 2470 5011 2530 m'a
5078 2470 5284 2530 remis

3409 2568 3529 2628 une
3612 2568 3807 2628 came
3867 2570 3935 2630 de
3988 2570 4221 2630 papier
4304 2570 4319 2630 &
4379 2570 4439 2630 un
4522 2570 4800 2630 paquet
4868 2568 4943 2628 ren
4995 2565 5303 2625 ferment

3428 2673 3469 2733 le
3510 2676 3706 2736 traité
3757 2678 3861 2738 des
3922 2678 4169 2738 perties
4221 2678 4520 2738 doubles,
4561 2676 4582 2736 &
4684 2674 4757 2734 les
4798 2674 4819 2734 6
4901 2674 5159 2734 derniers
5200 2674 5366 2734 mois

3397 2786 3530 2846 1751
3571 2783 3623 2843 du
3705 2780 3982 2840 journal
4055 2776 4559 2836 aconomique.
4620 2774 5062 2834 Cratifiection
5115 2774 5166 2834 au
5207 2774 5278 2834 dit

4227 2894 4277 2954 du
4356 2896 4445 2956 dit
4485 2898 4634 2958 jour

3471 3012 3669 3072 Paye
3722 3009 3740 3069 à
3810 3007 4079 3067 Jeanne
4132 3006 4383 3066 Rlattel
4456 3006 4813 3066 cuisiniere
4884 3009 5028 3069 pour
5063 3011 5152 3071 les
5172 3011 5190 3071 6
5243 3014 5385 3074 pre-

3407 3121 3595 3181 miers
3658 3117 3826 3177 mois
3887 3114 4065 3174 1754
4148 3112 4211 3172 de
4285 3112 4378 3172 son
4472 3112 4702 3172 gage;

5307 3120 5318 3180 α

4222 3224 4272 3284 du
4331 3228 4412 3288 dit
4462 3226 4644 3286 jour.

3468 3320 3724 3380 Gratif
3789 3318 3900 3378 aux
3965 3317 4429 3377 Domestiques
4493 3316 4509 3376 à
4590 3316 4959 3376 l'occasion
5006 3314 5070 3374 de
5119 3314 5230 3374 ma

3410 3428 3682 3488 chargé
3759 3424 3824 3484 de
3889 3424 3979 3484 L.
4004 3424 4146 3484 B.

3425 3552 3595 3612 Bise
3651 3548 3849 3608 soleil
3905 3540 4485 3600 par-intervalles,
4515 3533 4741 3593 Grand
4797 3532 4939 3592 vent
4981 3530 5038 3590 le
5081 3530 5266 3590 soir,

3422 3654 3756 3714 baromètre
3834 3648 3988 3708 assez
4039 3642 4159 3702 Pas.

4240 3742 4309 3802 du
4378 3746 4405 3806 9
4501 3746 4556 3806 du
4611 3743 4694 3803 dit

3463 3856 3665 3916 Recu
3725 3854 3785 3914 de
3847 3852 4009 3912 Sh.
4049 3850 4370 3910 Antoine
4432 3850 4754 3910 Grenier
4794 3848 4876 3908 de
4936 3845 5157 3905 Jevay

3422 3968 3460 4028 le
3511 3957 3868 4017 quittance
3946 3950 4009 4010 de
4060 3950 4136 4010 L.
4174 3948 4252 4008 32
4354 3948 4482 4008 que
4597 3950 4660 4010 je
4711 3950 4814 4010 lui
4878 3948 5057 4008 avois
5121 3945 5184 4005 en

3434 4063 3654 4123 voyées
3727 4058 3899 4118 pour
3972 4058 4291 4118 l'interêt
4376 4060 4547 4120 échu
4646 4061 4707 4121 te
4806 4062 4915 4122 deu
5002 4061 5198 4121 Mars
5234 4059 5356 4119 1754

3428 4178 3490 4238 de
3540 4176 3614 4236 L.
3663 4174 3774 4234 800
3848 4171 3959 4231 que
4034 4166 4195 4226 nous
4256 4163 4478 4223 devons
4541 4162 4565 4222 à
4640 4162 4886 4222 l'hoirie
4961 4168 5271 4228 Pasteur.

5636 325 5664 385 7

5685 970 5751 1030 93

5676 1166 5706 1226 6

5527 736 5600 796 32

5522 1916 5602 1976 et5

5518 2227 5599 2287 et0

5690 2775 5767 2835 Si

5498 3132 5634 3192 218:

5579 3442 5727 3502 44
