6184 4614
309 257 572 489 4
4243 258 4441 318 1754

5486 247 5680 406 5
4215 375 4433 435 Mai

3401 449 3881 509 Memorial
3966 443 4363 503 univetoet
4434 435 4518 495 di
4590 430 4858 490 recette,
4902 421 5270 481 depense,
5298 414 5467 474 prêts

3416 553 3882 613 emprunts;
3951 550 4553 610 Marchandioes
4620 548 4836 608 prisesà
4939 542 5143 602 credit
5222 535 5370 595 &c.
5382 525 5633 585 saisons.

4161 673 4273 733 Du
4351 674 4374 734 S

3423 780 3613 840 Reçu
3677 782 3822 842 une
3869 784 4077 844 lettre
4125 786 4189 846 de
4284 785 4555 845 aficole
4619 783 4684 843 de
4716 778 5162 838 felicitation
5226 768 5291 828 au
5355 760 5545 820 sujer

3446 890 3510 950 de
3561 890 3677 950 ma
3753 888 4035 948 charge
4113 886 4189 946 de
4265 886 4381 946 L.
4432 884 4574 944 B.
4612 883 4676 943 du
4779 880 4855 940 27
4906 877 5112 937 Avril
5162 870 5329 930 1754
5380 863 5419 923 du
5471 855 5649 915 chemit

3407 1018 3579 1078 Mon
3644 1020 3790 1080 pere
3857 1020 3870 1080 à
3936 1022 4055 1082 reçu
4134 1022 4253 1082 une
4306 1022 4492 1082 lettre
4545 1022 4610 1082 de
4677 1018 4823 1078 mon
4888 1014 5060 1074 frere
5127 1006 5180 1066 de
5232 1002 5286 1062 la
5325 992 5537 1052 Haye

3436 1135 3512 1195 du
3591 1124 3686 1184 33
3764 1128 3957 1188 Avril
3996 1145 4172 1205 1754
4305 1172 4384 1232 Lu
4441 1183 4539 1243 dit
4577 1190 4732 1250 jour

4258 1154 4826 1251 Du dit jour
3421 1259 3596 1319 Mon
3669 1266 3801 1326 pere
3859 1271 3975 1331 m'a
4049 1275 4179 1335 fait
4224 1277 4282 1337 le
4355 1281 4604 1341 comptte
4662 1284 4763 1344 des
4823 1286 5172 1346 Ai8civres
5232 1283 5333 1343 que
5391 1280 5451 1340 je
5480 1278 5567 1338 lui

3457 1370 3589 1430 avec
3671 1373 3957 1433 remises
3997 1379 4088 1439 e
4161 1382 4181 1442 e
4313 1386 4527 1446 Avril
4609 1393 4935 1453 montenr
4985 1396 5006 1456 à

5348 1403 5399 1463 L

5473 1397 5634 1466 82

5671 1404 5761 1464 97

3466 1482 3517 1542 il
3567 1485 3687 1545 m'a
3748 1488 3949 1548 rendu
4089 1486 4280 1546 35h.
4361 1486 4430 1546 ed
4501 1486 4663 1546 sols.

3423 1604 3509 1664 Je
3546 1603 3646 1663 lui
3695 1602 3769 1662 ai
3832 1600 4041 1660 donné
4104 1598 4264 1658 pour
4327 1598 4400 1658 la
4474 1596 4760 1656 dépense
4809 1595 4871 1655 du
4932 1593 5106 1653 Mois
5155 1592 5206 1652 de
5243 1589 5402 1649 mai,

5531 1592 5599 1652 36

4140 1710 4249 1770 Du
4313 1716 4399 1776 dit
4452 1718 4582 1778 jour

3454 1812 3694 1872 Remis
3753 1812 3773 1872 à
3835 1812 3894 1872 la
3954 1814 4216 1874 femme
4276 1814 4335 1874 de
4397 1816 4736 1876 Gaspard
4776 1816 4998 1876 Verner
5038 1814 5318 1874 Sailleur
5338 1812 5357 1872 à

3427 1918 3683 1978 compte
3732 1916 3804 1976 de
3889 1916 3951 1976 ce
4024 1918 4133 1978 que
4195 1918 4256 1978 je
4292 1918 4403 1978 lut
4452 1920 4659 1980 dois.
4744 1920 4976 1980 Messel
5049 1918 5329 1978 grterons

5568 1927 5674 1987 4r

3424 2026 3566 2086 donc
3627 2026 3674 2086 le
3722 2026 3865 2086 prix
3937 2028 4080 2088 sera
4151 2030 4295 2090 fixé
4366 2032 4486 2092 par
4534 2032 4581 2092 le
4630 2032 4904 2092 Métral
4963 2029 5024 2089 au
5095 2024 5369 2084 marché

3429 2130 3495 2190 de
3534 2136 3807 2196 Samedi
3860 2140 4265 2200 prochain.
4290 2144 4369 2204 4.

3431 2254 3604 2314 Beau
3671 2254 3909 2314 soleil,
3963 2254 4123 2314 tems
4175 2256 4441 2316 chaud,
4469 2258 4587 2318 bise
4642 2260 4801 2320 forte
4854 2260 4895 2320 le
4947 2260 5067 2320 soir

4122 2381 4225 2441 Du
4317 2385 4410 2445 2.

3462 2476 3635 2536 Reçu
3722 2477 3779 2537 de
3852 2478 4011 2538 Mr.
4053 2482 4373 2542 Oboussier
4415 2486 4531 2546 fils
4574 2488 4661 2548 29
4704 2490 4877 2550 Louis
4920 2491 5123 2551 neufs,
5151 2492 5166 2552 &
5194 2492 5324 2552 une

3448 2584 3615 2644 pièce
3693 2584 3748 2644 de
3816 2584 3916 2644 dix
3993 2586 4338 2646 Ludernes;
4394 2593 4705 2653 faisant,

5299 2618 5310 2678 2

5464 2633 5606 2693 464
5701 2628 5767 2688 6.

5689 2590 5770 2711 6:
5795 2632 5820 2692 8

3429 2692 3452 2752 à
3534 2690 3817 2750 compte
3888 2688 4065 2748 d'une
4136 2688 4325 2748 lettre
4383 2688 4477 2748 de
4549 2690 4843 2750 Change
4913 2693 4973 2753 de
5020 2696 5244 2756 771L.
5267 2700 5314 2760 de

3426 2788 3501 2848 fa
3575 2790 3726 2850 tirér
3786 2792 3892 2852 sur
3951 2792 4102 2852 Ars
4147 2795 4357 2855 lullin
4432 2798 4882 2858 Banquiers
4912 2800 5018 2860 rue
5063 2803 5333 2863 Grenier

3420 2889 3755 2949 ILazère
3824 2892 3838 2952 à
3950 2896 4131 2956 Péris
4200 2899 4381 2959 selon
4452 2904 4592 2964 leur
4647 2907 4856 2967 Lettre
4899 2910 4968 2970 du
5051 2912 5149 2972 118
5191 2912 5372 2972 Avril

3413 3000 3616 3060 4754:
3660 3002 3739 3062 ils
3791 3002 3854 3062 ne
3924 3004 4234 3064 parlent
4304 3008 4454 3068 poin
4568 3012 4657 3072 des
4710 3014 4904 3074 rentes
4948 3019 5009 3079 de
5063 3024 5230 3084 notre

3404 3100 3709 3160 Hopital
3777 3100 3896 3160 pr.
3937 3106 4269 3166 l’Action
4336 3114 4536 3174 qu’ils
4589 3120 4696 3180 ont
4762 3126 4922 3186 entre
4988 3133 5148 3193 leurs
5188 3138 5401 3198 mains

3424 3206 3480 3266 je
3526 3204 3651 3264 vois
3697 3204 3834 3264 leur
3890 3205 4085 3265 écrire
4153 3208 4175 3268 à
4256 3208 4313 3268 ce
4370 3212 4553 3272 sujet
4644 3216 4781 3276 reste
4838 3219 4895 3279 71
4917 3221 4997 3281 L.
5021 3222 5066 3282 de
5123 3224 5225 3284 fce

4125 3303 4218 3363 Du
4277 3318 4359 3378 dit
4417 3328 4604 3388 jour-

3497 3417 3620 3477 Pris
3672 3420 3761 3480 48
3830 3424 3970 3484 Gros
4005 3428 4145 3488 Cens
4199 3430 4357 3490 dans
4409 3434 4460 3494 le
4514 3436 4618 3496 sac
4672 3438 4776 3498 qui
4830 3441 4916 3501 est
4951 3442 5005 3502 au
5057 3445 5249 3505 tiroir

3452 3530 3472 3590 à
3542 3530 3733 3590 droite
3803 3530 3864 3590 de
3934 3530 3984 3590 la
4055 3532 4387 3592 commode
4458 3536 4508 3596 de
4548 3538 4608 3598 la
4659 3543 5030 3603 chambre.

3479 3639 3617 3699 Pris
3671 3636 3714 3696 le
3768 3636 3987 3696 Group
4071 3640 4111 3700 de
4168 3642 4249 3702 30
4305 3645 4484 3705 Louis
4552 3649 4717 3709 neufs
4759 3654 4910 3714 dans
4951 3654 4992 3714 le
5019 3653 5213 3713 tiroir
5254 3650 5281 3710 à

3468 3752 3730 3812 gauche
3796 3750 3853 3810 de
3928 3748 3974 3808 la
4040 3748 4396 3808 commode.

3431 3885 3670 3945 Acheté
3718 3882 3781 3942 de
3846 3882 4149 3942 Slegroi
4181 3884 4580 3944 Buraliste
4630 3887 4662 3947 2
4741 3891 4980 3951 Mains
5014 3895 5077 3955 de
5124 3899 5398 3959 papier.

3416 4000 3488 4060 Le
3532 3998 3677 4058 plus
3734 3998 3966 4058 grand.
3995 3999 4211 4059 6bets
4256 4001 4284 4061 &
4356 4002 4400 4062 le
4429 4004 4659 4064 moins
4718 4008 4948 4068 grand;
4993 4010 5007 4070 4
5093 4010 5240 4070 vatr.

5344 4008 5352 4068 L

5571 4013 5654 4073 et.

3491 4137 3706 4197 Beau
3781 4128 4011 4188 soleil,
4041 4126 4163 4186 bise
4208 4126 4421 4186 forte,
4436 4126 4589 4186 Proid
