5584 4914
450 339 666 414 16
446 417 2656 496 LL. EExres ont ordonné le Signalement des
482 530 2676 631 Tuillards de Froideville, & promis 50 Ecus
470 644 2764 749 de récompense à ceux qui les feront saisir
466 756 1634 875 dans leur domination;
486 900 2576 1007 Le Lieutenant de Moiry vient retirer les
502 1030 2620 1112 233++ 16: à payer au nom du Baron de
498 1128 2344 1230 Liphart; auprès du Paster de Leine;
540 1314 1366 1399 Bordereau de
1996 1322 2582 1409 L. 57: 13:
518 1454 1130 1552 Huit Ecus
1816 1471 1912 1561 32
544 1560 1508 1660 7 pièces des 10 batz
1837 1567 1959 1652 7:
1840 1676 1924 1761 6:
608 1668 1260 1770 3 petits Ecus
1818 1802 1918 1887 5:
592 1792 1592 1909 11 pièces de 5 batz
1942 1806 2102 1911 10:,,
1848 1932 1912 2017 6:
592 1910 1470 2027 2 paquets d'Ecus;
1950 2040 2066 2129 15:
580 2043 1490 2147 3 pièces de 5 sols
2000 2152 2080 2235 8:
1600 2170 2088 2358 L 57:,, 13:
666 2157 1018 2267 Valeur;
478 2354 2742 2485 Dim : 7: Lisette Burnier parait, je lui donne
434 2460 2654 2589 terme jusqu'à son retour de Vevey ou elle
432 2574 1378 2691 va pour nourisse;
454 2698 2762 2807 Mr. Chavanne 9h St. François. Les Princes me
446 2798 2658 2913 déplacent; Tim: 1 Chap. IV & 8: La piété est
464 2906 2652 3025 utile à tous, ayant les promesses de la vie pré-
430 3012 2700 3133 sente & de la vie à venir; Avantages spiri-
446 3112 2562 3239 tuel de la Religion; Six Vérités, 1° La
406 3224 2690 3355 Religion éclaire l'esprit, 2 dompte la pas-
418 3346 2672 3472 sion de notre coeur, 3, caline les remords de
450 3449 2454 3582 la conscience, la suite un autre sermon;
488 3563 1064 3661 Aumones;
2354 3616 2654 3719 4 sols
422 3686 2468 3819 Payé à André Juat pour sa Mere, Six
488 3809 2696 3929 premiers Mois 1771 : = 3.5 ++ 14: quittance
540 3917 868 3997 du dit
574 4043 2264 4162 Bordereau 2 Louis neufs légers de
720 4132 1456 4233 12 & 13 grains;
2256 4185 2548 4266 L. 32:
952 4251 2124 4348 1 Paquet d'Ecu;
2420 4290 2512 4362 3:
920 4338 1708 4451 2 pièces de 7 sols,
2522 4358 2638 4451 14
2112 4436 2676 4563 L. 35: 14:
5088 317 5224 380 17
3004 402 5260 497 Reçu de la Veuve Ollier pour Six premiers
4852 534 5160 626 L. 17:,,
2986 530 4354 644 1771 de son appartement;
2974 664 4522 768 passé Quittance à la dite;
2972 818 5186 930 Payé à Pierre Daniel Isel à compte de
4820 960 5196 1058 L. 12:,,
2958 956 4610 1056 son gage 1771: Douze Livres;
3054 1090 4030 1186 Quittance du dit;
3134 1219 5206 1329 Visité la Dîme de Chailly & Betusy
2966 1351 4912 1442 avec Jean Abraham Regamey; &
2982 1466 5282 1574 Gabriel Noverra Messeiller; un primaveau
2978 1586 5208 1686 à Mr Duc semé dans une vigne, de grande
2986 1700 5192 1808 beauté; un Messel au dit dans la pièce de
2962 1814 5126 1918 la veuve Polier; Vu à Challi assez de
2946 1936 5112 2028 Charbonné; à Chamblandes un beau
2954 2046 4968 2142 Messel au Commandant Duport;
3006 2190 5101 2297 Pluye par petite averses depuis 3 jus-
3046 2312 5174 2422 qu'à six; Girouette Nord-Ouest, le tems
2978 2426 4876 2544 se refroidit, Bar. 26/2:,, Therm : 11 1/2;
2980 2570 5180 2674 Lundi 8: Le Justicier Le Iller fait voir le
2962 2692 5130 2792 projet d'Acte pour l'Ottroi du passage
3030 2814 5200 2909 dans la maison vendue à Mr de Mesey
2986 2915 5004 3010 qui embrasse aussi l'état des colisses, &
3006 3030 5156 3130 la servitude pour la colisse de nos Maisons;
2946 3180 5208 3276 Projet de la pièce de P. Porta pour demain
2998 3292 5082 3380 il quitte l'idée de se refuser au Serment
2982 3401 5254 3492 comme tierce personne, puisque j'ai allégué
2978 3510 5234 3612 dans les réponses que ni de vive voix ni par
2974 3614 5092 3722 écrit je n'ai jamais rien demandé à Mr.
3030 3734 5210 3830 Hermenches ; demande que le serment soit
2992 3841 3432 3928 décisoire.
2990 3948 5206 4026 Co le B-r Sgx préside; deux nouveaux ha-
2990 4052 5114 4144 bitans prêtent serment, on en gratifie
3002 4158 5188 4266 quelques-uns; la Berard tolérée, s'il elle
2994 4280 4760 4383 produit une déclaration de Rolle ;
2994 4382 5180 4481 La femme d'un Français qui vient de Bram-
3016 4478 5234 4584 blan doit produire une déclaration de Morges;
