5663 4557
495 294 2523 398 en vous perdant, étoient Vos titre;
506 390 2606 541 La sagesse de notre auguste monar
465 527 2684 673 que en les consacrant par un choix
477 658 2690 816 aussi applaudi devient un nouveau té-
459 807 2785 959 moignage de son amour pour ses peuples ;
483 957 2618 1120 Balances la recette & la dépense
465 1112 2749 1269 annonces des vues, se servir de moyen fa
441 1267 2701 1406 ciles & simples dans toutes ses opérations,
453 1416 2743 1555 n'avoir d'autre base que la bienfaisance,
465 1571 2642 1692 la justice & l'oeconomie ; voilà, Mr ce
506 1708 2690 1836 que l'on espera de votre administration ;
489 1857 2678 1979 Vous trouverez dans les Magistrats de
453 2006 2684 2116 cette Compagnie des lumieres, du zele,
459 2155 2713 2241 & du desinteressement ; leur fonction
477 2305 2701 2384 les associent à Vos travaux ; Toutes les
477 2448 2582 2528 fois qu'on a vou a les en dépouiller,
471 2591 2660 2671 ou porter atteinte à leur juridiction, l'on
471 2740 2624 2802 n'a malheureusement fait delore que
477 2877 2499 2945 des abus ; – Diminuer les impots,
483 3008 2684 3070 respecter nos propriétés, maintenir inui
465 3146 2672 3225 olablement les engagemens du Prince
483 3295 2707 3363 avec ses sujets telle est, Mr ! La masse
489 3444 2660 3512 des obligations que vous allez remplir
518 3593 2624 3661 telle est la ditte sarée du Ministre
554 3742 2660 3810 des finances ; Votre genie fecond mul
566 3873 2660 3959 tipliera pour vous les ressources dans
626 4028 2111 4108 la proportion des besoins ;
2964 342 5296 434 Eh ! quels puissants encouragemens 37
2976 479 5189 571 n'aurez-vous point ? Votre rec-
2916 629 5111 708 connaissance vous attend, la gloire
2928 778 5207 857 la seule récompense qui puisse flatter
2916 927 5159 995 un Ministre Citoyen vous appelle
2904 1076 5219 1138 & vous devenez aujourdhui comptable
2934 1213 5111 1317 & gérent, (garant) de la felicité
2940 1368 3721 1454 publique ;
3817 1487 4395 1549 Juillet 1774
2976 1547 4885 1633 Journal encyclop. page 69 H.
2958 1684 5171 1782 Des Golden Spiegel Roman politi-
2922 1851 4896 1919 que, Sept Classes, la Noblesse.
2934 2000 5171 2068 les Scavans, les Artistes les Commerçans
2910 2138 5183 2223 les Artisans les Laboureur à la tête
2922 2269 5177 2372 desquels étoit le Roi & les journaliere ;
2982 2394 5171 2498 fol 75 : Traité sur l'huile de Colsat &
2958 2543 5219 2629 ed la Navette. moyen d'oter la fumée que
2898 2674 5135 2742 produit l'huile & diminuer sou a creté
2898 2782 5165 2862 l'huiler d'olive n'admet de mélanger que
2898 2889 5207 2993 celui d'oeillet ou de pavot qui ne sifige
2922 3026 5207 3124 pas ; il est aisé de reconnoitre quand il
2910 3169 3680 3237 est allongé
2928 3295 5219 3363 98 Essai sur le style par Mr Thiebault
2940 3420 5147 3494 La penetration, la clarté, le discernement,
2934 3545 5093 3613 le naturel, la sensibilite, & sous les
2934 3647 5093 3732 qualites communes au talent & au
2922 3784 5231 3864 goût. Elles se subdivisent : la pénétration
2886 3903 4998 3983 par exemple en sagacite & en finesse
2922 4022 5177 4114 Elles en présupposent d'autre, comme le discer
