5884 4734
651 354 3086 424 16 Mercredi 19 Aout Lettre de Mr le Blf. de Lentzbourg
735 454 3026 532 il glisse un mot sur lavis que m'avoit fait donner son
751 574 2794 644 fils au sujet de son mariage avec Mlle Sturler ;
703 686 3082 780 Lettre de P. M. Wullyamoz qui dit qu'il désireroir que son
711 802 2942 884 affaire retournat au Conseil, ainsi qu'elle y avoit été
759 926 3078 992 d'abord commencée; Il arpus le parti de caler son recour
751 1026 3086 1124 60: Murs de la Ville accordés au Cap. Beylon, je trou
695 1130 3082 1244 vois cette proposition trop vague; il veut faire des jours dan
707 1238 1887 1336 le mus de dehors en dedans ;
715 1350 2970 1440 Abergement au Justicier De Illens & à Jean Dubré
731 1470 3018 1552 d'un Ouvrier &1/3 à Sebillon ; On voudroit que les Em-
711 1590 2958 1668 phytéotes donnassent 1/3 front quart & 50fl. d'entrage :
759 1690 3014 1780 Cette affaire est renvoyée à la Chambre Economique
3146 390 5021 460 Jeudi 20 : Il s'agit de 133; pour les Pupilles;
3134 490 5441 588 Brevet du Conseil qui renvoye à la Chambre d'exa-
3126 602 5229 688 miner si l'on donnera de nouveau un Curateur à
3122 706 5469 804 Benjamin François qui vient d'hériter quelque chose
3118 838 5385 916 de sa soeur, sous clause de substitution ; Le Major
3126 946 5489 1044 François demande un delai pour completter l'inventaire
3122 1082 5373 1168 & rassembler des preuves pour soutenir la nécessité de
3142 1218 4997 1292 l'interdiction ; On remet à tems incertain ;
3114 1346 5477 1416 Samuel François Curateur fait rapport que le Samedi
3126 1462 5437 1536 15, il ne s'est présenté que 2 mineurs pour la Vigne de
5341 366 5480 423 17
3114 1594 5329 1668 Villars; Mr le P. Seigneux la tient à 5 mille francs,
3122 1718 5397 1796 Il demande des directions, & dit que Me Doxa remettra
735 1802 2974 1904 pour les négocier sur le meilleur pied ; On demandoit
3138 1826 5389 1908 quelques effets dont elle n'a pas besoin; Il fera l'inven
751 1910 3096 2016 s'il ne soit pas convenable que le Conseil & la Chambre
3096 1930 5429 2024 taire, & publications sur la Gazette de Berne, la feuille
751 2018 3042 2128 Economique eussent une Compétence pour des objets de
3138 2042 5461 2148 d'avis, & sur l'album, avec reserve que ceux qui n'auront pas
719 2134 1331 2200 peu de valeur ;
3098 2158 5289 2256 indiqués leurs dettes seront battues de fins de non recevoir ;
683 2226 2858 2332 Le congédiement de Ducros & sa femme de Ville
3090 2266 5361 2368 Il resserera les meubles à la maison de Ville si Mr. de
703 2345 1887 2435 confirmé 19 Voix contre 17,
3098 2385 4322 2459 Villardin refuse de les garder
719 2457 3038 2591 Les freres Tissot = 2j., pris beaucoup de fel chez Mar-
3102 2493 4346 2575 Billet assez joli de Me De-s
4414 2525 5397 2579 qui envoye deux paires
711 2569 1931 2675 cel pere, hier & aujourd'huis
3114 2597 4098 2675 de bas de fil Hollande;
751 2681 2950 2795 A laver 6 paires de bas de Coton, 3 paires de laine
3118 2701 5393 2807 Carte de Mr. le Blf. par Pottig ; Il présente la tran-
695 2773 2866 2923 6 mouchoirs, soupé De–s ; Couvert tout le jour
3106 2801 5349 2911 saction pr 7 mille Livres à lui, & 1600 à Mr le Contro-
4618 2801 4730 2863 ++
719 2893 2966 3047 Girouette à la bise, Neige à la montagne, Bar. 26:
3122 2917 5277 3019 leur Secretay ; Plus l'acte d'achat de la Tanerie Du-
747 3017 2031 3131 Therm:6: Scène domestique;
3122 3041 5365 3135 peron pour 600 Toutes sommes pour lesquelles il pré
687 3137 2566 3287 Fait moudre 2 quart front pour fine farine;
3130 3149 4726 3255 tend ne pas payer le traite foraing,
683 3253 3018 3411 Jeudi 20: Orphelins, Mr. Rosset tuteur
3122 3285 5477 3371 Vû Me de S–s, avis que Me d'A–s, l'invite a demeurer
695 3369 2986 3515 de suivre à un procès avec les Coheritiers contre la Veuve
3106 3381 4829 3495 avec elle, On convient de quelques faits,
703 3477 2958 3635 Deglands qui réclame 400++ données le 7 Janvier 1794
3138 3493 5265 3611 Les frères Tissot ; = 2j. pour faire un Cabinet de
739 3597 2978 3755 à Me Gignillat par la 2de femme de feu Isaac Viret,
3154 3609 4222 3707 secret qui nive pas bien ;
747 3717 2942 3867 Me Gignillat a prédécédé Mr Viret & l'on demande
3130 3717 5125 3819 Couvert tout le jour, Pluye le matin soleil à 5h.
755 3833 2906 3983 si la donation toit pour elle & pour les siens, les avis
3154 3841 4945 3931 Pluye le soir, Girouette à la bise, Bar. 26.
743 3933 2978 4083 sont partagés. le Tuteur Mr Rosset se dirigera par les
3198 3973 4606 4039 Therm 7. Neige à la montagne
759 4045 2974 4191 Conseils du Min: Viret & de sa soeur, ou pour plaider
895 4161 2478 4295 ou pour suivre à un accomodement,
