5663 4557
524 294 2773 368 n'est qu'une routine aveugle & un instinct
3006 336 5219 416 108 Broisment, Il a vu les derniers ma
524 432 2767 494 machinal ; aussi n'a-telle envoyé jus-
2940 456 5284 529 mens avec courage & qu'il a consolé pour
506 539 2749 625 qu'à présent que des ouvriers ineptes plus
2940 569 5171 655 l'eternité ceux qui pleuroient dans Sion
506 652 2737 750 propres à détruire les operations de la na-
2970 736 4121 804 Eo Chap. 48: & 37.
506 807 1735 881 ture qu'à les Seconder ;
2272 831 2737 887 graines des
2940 855 5195 941 110 Et depuis par une de ces grandes miseres
518 921 2743 1024 96 Et après avoir fait voir que les plantes
2922 992 4914 1066 attachées à la fortune des Rois
554 1034 2690 1144 Adventines sont repportées par les vents
2922 1100 5195 1197 voyez ce même Etat humilié par des dé-
548 1171 2648 1263 on examine si l'on peut assurer que les
2970 1249 5177 1329 faites déchire parler factions, cette Nation
530 1291 2785 1382 mauvaises herbes n'effemineront point la
2952 1380 5165 1454 si douce emportée loin de son caractere
501 1440 793 1502 terre ;
542 1493 2719 1591 La Théorie du jardinage pas Mr Habbé
2940 1505 5201 1579 par tout un chagrin superbe une inquié-
524 1625 2672 1716 Roger Schabol 1 Vol in 12 Paris chez les
2940 1631 5141 1716 tude aucadieuse, la Religion agitée
620 1750 2582 1842 frere Debure, quai des Augustins ;
2958 1774 5171 1842 Jusques dans ses sanctuaires la majesté
536 1875 2606 1991 98 La pratique du jardinage 2 Vol
2946 1881 5242 1967 des loix soulevée contre la majesté du trône
548 2012 2672 2110 in 12 Roger se habel, A paris chez les
530 2173 1276 2247 freres Debure ;
524 2215 2660 2355 100 l'ebourgeonnement & le palissage ;
518 2370 2701 2480 107 Cheble doit être iniposante & majes-
501 2513 2713 2617 tueuse, la voix qui s'éleve entre la tombe
506 2633 2606 2754 des Rois & l'autel du Dieu qui les juge
506 2758 2612 2874 la voix qui doit se faire qui moment ou
506 2895 2570 3005 en n'entend plus celle de la flatterie &
495 3020 2672 3136 qui doit être le premier jugement de le
512 3140 2737 3255 posterité. Mais d'un autre coté que l'on
501 3295 2719 3386 ne faut s il pas pour concilier la gravité
512 3426 2666 3518 d'un si saint minitre avec les menage-
512 3575 2648 3643 mens indispensables qu'imposent les am-
489 3694 2731 3762 bres royales encore venerables sous l'apparasl.
501 3814 2642 3899 de la mort. Tant il semble de la destiné
501 3951 2463 4025 des finances d'intimider la vérité & sur le
620 4058 1902 4150 trone & sur le tombeau ;
2946 2072 4932 2152 Berne n° 81 : Paris 30 9bre 1774 Mr.
2964 2203 5117 2295 Dalais dans son Mandement " Mais
2910 2328 5069 2390 prenez garde de mettre obstacle aux
2910 2454 5141 2528 " succès de vos prieres par les dispositions
2928 2579 5183 2647 " d'un coeur impeniteur qui ne peut
2922 2710 5242 2778 offrir qu'un encens impur, qui irrite le
2916 2841 5123 2903 "tout puissant au lieu de l'appaiser
2934 2967 5254 3041 " qui l'insulte en se jette à ses genoux
2928 3092 5260 3178 " pour le trahir tandis qu'il porte au
2922 3211 5225 3297 " dedans de lui-même le sentimens de la
2934 3325 5046 3416 " révolte. Si Dieu punis les crimes des
2952 3468 5171 3553 Rois en séparant ses fleaux sur les peu-
2976 3587 5123 3691 ples ce sont aussi trop souvent les cri-
2958 3700 5129 3822 mes des peuples qui font que Dieu met
2946 3832 5177 3947 à leur t'ete de méchans Rois; Voulez vous
2958 3969 5069 4060 donc eviter ce malheur commcez par
2988 4070 5081 4162 vous purifier. Otez de devans. Vous la
