5750 4779
567 307 2783 399 ce qui prouve qu'il en a peri ou dé-
663 426 2753 512 serté 15700: Combiens de nos com-
5197 331 5364 393 17
3088 355 4474 429 Journal Paris n° 369 :
3321 468 4629 548 Lundi 25 xbre 1786
633 540 2819 626 patriotes cette guerre malheureuse
3046 606 5221 674 Tems 9 & 10 sur les Chinois sur les
698 659 2795 751 n'a-t-elle pas dû nous enlever
3476 731 5006 799 Missionnaires de Pekin
686 785 2586 889 puis il y a eu quatre fois
2974 845 5113 930 n° 1501 Il y a un grand nombre de
698 910 2807 1038 plus d'Anglais que d'Allemans
3154 964 5185 1056 Maximes & Proverbes qui pré
830 1036 2622 1175 employés dans la Guerre
3267 1072 5071 1169 sentent un sens admirable ;
3118 1185 4928 1289 telles que les deux suivantes
1236 1197 2126 1301 d' Chimérique;
555 1263 2228 1426 Londres n° 1416 Saml. 16 xbre
2962 1322 5071 1426 " Toutes les vertus qu'acquiert le
2246 1388 2526 1468 1786
704 1418 2485 1564 A man upon the soof of a
3040 1460 5233 1558 " Prince sont des disgraces pour les
531 1514 2544 1719 Coach Kept his seat intending to
3088 1573 3882 1659 " méchans.
609 1669 2485 1844 get dont  n in the yard, but
3142 1693 5137 1791 On n'a peut - être jamais mieux
663 1788 2508 1946 the springs having been saited
3184 1818 5215 1922 exprimé le penchat mutuel des
830 1920 2455 2077 he was crubed to pieces,
3136 1932 5292 2042 ames honnetes, que par cette excla
3172 2051 3769 2149 mation ;
459 2069 2706 2245 Freron n°47 5 xbre 1786 Nouveaux synony
3124 2177 5143 2322 " Oh que deux xoeurs sont près
758 2207 2730 2376 me françois par Mr l'Abbé Reubaud
3064 2302 5346 2442 " l'un de l'autre quand il n'y a aucun
758 2326 1397 2424 4 vol in 8°
3064 2446 4151 2555 " vice entre eux
591 2463 2688 2585 nl. 158 l'amour de l'etymologie a fait
675 2577 2730 2723 faire à notre Auteur cette décou-
3052 2577 5304 2711 P. 1506 Nous ressemblance tous plus ou
704 2708 2497 2848 verte sur l'origine du nom de
3237 2720 5286 2836 moins à ce Sybarites qui suoit à
603 2852 2556 2973 Tartuffe que Moliere a donné à
3195 2852 5328 2973 grosses gouttes en voyans sauser
3213 2965 4050 3057 un matelot
675 2977 1594 3069 son imposteur
3201 3085 5071 3177 L'eveque de Cisieux diroit de
639 3127 2765 3230 " Tartuffe autrefois Truffle, & en Italien
663 3270 2724 3344 " Tartufe, asseroi à designer au figuré
645 3383 2771 3481 " un imposteur un fourbe un homme
627 3497 2562 3595 " aussi difficile à sonder que la
627 3640 2550 3726 " truffe dans le sein de la
627 3760 2724 3846 " terre, & peut être même ajouterois
603 3885 2586 3965 " je aussi noir que cette racine ou
1009 4011 1732 4091 " tuberosité,
3028 3210 5197 3290 Balsac, "Cela est beau mais pas
3124 3330 5233 3416 assez pour la peine que cela a du
3100 3461 5185 3541 lui coûter, si j'étois à sa place place, je
3058 3575 5352 3660 choisirois quelque autre emploi pour
3052 3694 5334 3786 le service de mon prochain, je ne noi-
3058 3814 5364 3893 rois pas dieu exigeat des moi celui-
3088 3921 3285 4001 là ;
3088 3999 5161 4097 P. 1515 Année rurale ou Calendrier à
3160 4118 4994 4210 l'usage des Cultivateur chez Cuchet
3213 4238 4832 4335 libraire suc & un hotel sur pente ;
3542 4345 5346 4461 " Tunneps, pasques, herbes souler
4737 4429 5125 4491 les terres
