<?xml version="1.0" encoding="UTF-8" standalone="yes"?>
<PcGts xmlns="http://schema.primaresearch.org/PAGE/gts/pagecontent/2013-07-15" xmlns:xsi="http://www.w3.org/2001/XMLSchema-instance" xsi:schemaLocation="http://schema.primaresearch.org/PAGE/gts/pagecontent/2013-07-15 http://schema.primaresearch.org/PAGE/gts/pagecontent/2013-07-15/pagecontent.xsd">
    <Metadata>
        <Creator>Transkribus</Creator>
        <Created>2023-02-16T10:08:22.378+01:00</Created>
        <LastChange>2023-04-10T16:00:54.180+02:00</LastChange>
        <TranskribusMetadata docId="1336592" pageId="52422689" pageNr="20" tsid="118322258" status="GT" userId="115119" imgUrl="https://files.transkribus.eu/Get?id=SZDRQJXJJVDOSBCXCBBXMFPB&amp;fileType=view" xmlUrl="https://files.transkribus.eu/Get?id=QFFBFHVIALPWRCOBDSFMQHIS" imageId="42852129"/>
    </Metadata>
    <Page imageFilename="0020_CH_ACV_P_RENE_MONOD_155-0020.jpg" imageWidth="5750" imageHeight="4779">
        <ReadingOrder>
            <OrderedGroup id="ro_1681135272130" caption="Regions reading order">
                <RegionRefIndexed index="0" regionRef="tr_4"/>
                <RegionRefIndexed index="1" regionRef="tr_1"/>
                <RegionRefIndexed index="2" regionRef="tr_2"/>
                <RegionRefIndexed index="3" regionRef="tr_6"/>
                <RegionRefIndexed index="4" regionRef="tr_3"/>
                <RegionRefIndexed index="5" regionRef="tr_7"/>
                <RegionRefIndexed index="6" regionRef="tr_5"/>
            </OrderedGroup>
        </ReadingOrder>
        <Relations/>
        <TextRegion id="tr_4" custom="readingOrder {index:0;}">
            <Coords points="501,338 2730,338 2730,1688 501,1688"/>
            <TextLine id="tr_4_tl_1" custom="readingOrder {index:0;}">
                <Coords points="669,343 758,355 848,361 937,367 1027,373 1117,379 1206,379 1296,379 1385,373 1475,373 1565,367 1654,367 1744,361 1833,361 1923,379 2013,373 2102,373 2192,373 2281,379 2371,379 2461,373 2550,373 2640,373 2718,379 2718,429 2640,423 2550,423 2461,423 2371,429 2281,429 2192,423 2102,423 2013,423 1923,429 1833,411 1744,411 1654,417 1565,417 1475,423 1385,423 1296,429 1206,429 1117,429 1027,423 937,417 848,411 758,405 669,393"/>
                <Baseline points="669,388 758,400 848,406 937,412 1027,418 1117,424 1206,424 1296,424 1385,418 1475,418 1565,412 1654,412 1744,406 1833,406 1923,424 2013,418 2102,418 2192,418 2281,424 2371,424 2461,418 2550,418 2640,418 2718,424"/>
                <TextEquiv>
                    <Unicode>Le Tresorier de St James, il ne</Unicode>
                </TextEquiv>
            </TextLine>
            <TextLine id="tr_4_tl_2" custom="readingOrder {index:1;}">
                <Coords points="501,444 591,444 681,468 770,480 860,486 949,492 1039,498 1129,498 1218,498 1308,498 1397,498 1487,492 1577,492 1666,498 1756,504 1845,504 1935,504 2025,510 2114,510 2204,510 2293,510 2383,504 2473,504 2562,498 2652,498 2712,504 2712,554 2652,548 2562,548 2473,554 2383,554 2293,560 2204,560 2114,560 2025,560 1935,554 1845,554 1756,554 1666,548 1577,542 1487,542 1397,548 1308,548 1218,548 1129,548 1039,548 949,542 860,536 770,530 681,518 591,494 501,494"/>
                <Baseline points="501,489 591,489 681,513 770,525 860,531 949,537 1039,543 1129,543 1218,543 1308,543 1397,543 1487,537 1577,537 1666,543 1756,549 1845,549 1935,549 2025,555 2114,555 2204,555 2293,555 2383,549 2473,549 2562,543 2652,543 2712,549"/>
                <TextEquiv>
                    <Unicode>sagit point de Faillite encore</Unicode>
                </TextEquiv>
            </TextLine>
            <TextLine id="tr_4_tl_3" custom="readingOrder {index:2;}">
                <Coords points="728,618 818,618 908,618 997,618 1087,618 1176,624 1266,624 1356,624 1445,624 1535,624 1624,624 1714,624 1804,630 1893,630 1983,630 2072,630 2162,624 2252,624 2311,624 2311,674 2252,674 2162,674 2072,680 1983,680 1893,680 1804,680 1714,674 1624,674 1535,674 1445,674 1356,674 1266,674 1176,674 1087,668 997,668 908,668 818,668 728,668"/>
                <Baseline points="728,663 818,663 908,663 997,663 1087,663 1176,669 1266,669 1356,669 1445,669 1535,669 1624,669 1714,669 1804,675 1893,675 1983,675 2072,675 2162,669 2252,669 2311,669"/>
                <TextEquiv>
                    <Unicode>moins de banqueroute </Unicode>
                </TextEquiv>
            </TextLine>
            <TextLine id="tr_4_tl_4" custom="readingOrder {index:3;}">
                <Coords points="591,755 681,761 770,761 860,755 949,755 1039,749 1129,755 1218,755 1308,749 1397,749 1487,755 1577,761 1666,767 1756,773 1845,773 1935,773 2025,773 2114,767 2204,767 2293,767 2383,761 2473,761 2562,761 2652,761 2664,761 2664,811 2652,811 2562,811 2473,811 2383,811 2293,817 2204,817 2114,817 2025,823 1935,823 1845,823 1756,823 1666,817 1577,811 1487,805 1397,799 1308,799 1218,805 1129,805 1039,799 949,805 860,805 770,811 681,811 591,805"/>
                <Baseline points="591,800 681,806 770,806 860,800 949,800 1039,794 1129,800 1218,800 1308,794 1397,794 1487,800 1577,806 1666,812 1756,818 1845,818 1935,818 2025,818 2114,812 2204,812 2293,812 2383,806 2473,806 2562,806 2652,806 2664,806"/>
                <TextEquiv>
                    <Unicode>Bar Rhin Mercredi 21 fevrier</Unicode>
                </TextEquiv>
            </TextLine>
            <TextLine id="tr_4_tl_5" custom="readingOrder {index:4;}">
                <Coords points="806,892 896,874 985,880 1075,880 1164,886 1254,886 1344,886 1433,910 1523,916 1612,922 1702,928 1792,934 1881,934 1971,934 2060,934 2150,934 2240,934 2329,928 2419,928 2508,922 2592,922 2592,972 2508,972 2419,978 2329,978 2240,984 2150,984 2060,984 1971,984 1881,984 1792,984 1702,978 1612,972 1523,966 1433,960 1344,936 1254,936 1164,936 1075,930 985,930 896,924 806,942"/>
                <Baseline points="806,937 896,919 985,925 1075,925 1164,931 1254,931 1344,931 1433,955 1523,961 1612,967 1702,973 1792,979 1881,979 1971,979 2060,979 2150,979 2240,979 2329,973 2419,973 2508,967 2592,967"/>
                <TextEquiv>
                    <Unicode>1787 n°15 Bien loin d'exa</Unicode>
                </TextEquiv>
            </TextLine>
            <TextLine id="tr_4_tl_6" custom="readingOrder {index:5;}">
                <Coords points="788,1024 878,1018 967,1018 1057,1024 1146,1030 1236,1030 1326,1030 1415,1036 1505,1036 1594,1042 1684,1042 1774,1054 1863,1060 1917,1060 1917,1110 1863,1110 1774,1104 1684,1092 1594,1092 1505,1086 1415,1086 1326,1080 1236,1080 1146,1080 1057,1074 967,1068 878,1068 788,1074"/>
                <Baseline points="788,1069 878,1063 967,1063 1057,1069 1146,1075 1236,1075 1326,1075 1415,1081 1505,1081 1594,1087 1684,1087 1774,1099 1863,1105 1917,1105"/>
                <TextEquiv>
                    <Unicode>gerer son actif</Unicode>
                </TextEquiv>
            </TextLine>
            <TextLine id="tr_4_tl_7" custom="readingOrder {index:6;}">
                <Coords points="746,1167 836,1173 925,1179 1015,1191 1105,1197 1194,1203 1284,1203 1373,1209 1463,1215 1553,1215 1642,1209 1732,1209 1821,1215 1911,1215 2001,1215 2090,1215 2180,1221 2270,1215 2359,1215 2449,1215 2538,1221 2628,1227 2718,1245 2730,1251 2730,1301 2718,1295 2628,1277 2538,1271 2449,1265 2359,1265 2270,1265 2180,1271 2090,1265 2001,1265 1911,1265 1821,1265 1732,1259 1642,1259 1553,1265 1463,1265 1373,1259 1284,1253 1194,1253 1105,1247 1015,1241 925,1229 836,1223 746,1217"/>
                <Baseline points="746,1212 836,1218 925,1224 1015,1236 1105,1242 1194,1248 1284,1248 1373,1254 1463,1260 1553,1260 1642,1254 1732,1254 1821,1260 1911,1260 2001,1260 2090,1260 2180,1266 2270,1260 2359,1260 2449,1260 2538,1266 2628,1272 2718,1290 2730,1296"/>
                <TextEquiv>
                    <Unicode>Mr Fournier receveur de vivres</Unicode>
                </TextEquiv>
            </TextLine>
            <TextLine id="tr_4_tl_8" custom="readingOrder {index:7;}">
                <Coords points="692,1293 782,1293 872,1305 961,1311 1051,1317 1140,1317 1230,1322 1320,1322 1409,1328 1499,1328 1589,1328 1678,1328 1768,1328 1857,1328 1947,1328 2037,1328 2126,1328 2216,1328 2305,1322 2395,1328 2485,1328 2574,1328 2664,1328 2730,1334 2730,1384 2664,1378 2574,1378 2485,1378 2395,1378 2305,1372 2216,1378 2126,1378 2037,1378 1947,1378 1857,1378 1768,1378 1678,1378 1589,1378 1499,1378 1409,1378 1320,1372 1230,1372 1140,1367 1051,1367 961,1361 872,1355 782,1343 692,1343"/>
                <Baseline points="692,1338 782,1338 872,1350 961,1356 1051,1362 1140,1362 1230,1367 1320,1367 1409,1373 1499,1373 1589,1373 1678,1373 1768,1373 1857,1373 1947,1373 2037,1373 2126,1373 2216,1373 2305,1367 2395,1373 2485,1373 2574,1373 2664,1373 2730,1379"/>
                <TextEquiv>
                    <Unicode>de la marine, vient de suspendre</Unicode>
                </TextEquiv>
            </TextLine>
            <TextLine id="tr_4_tl_9" custom="readingOrder {index:8;}">
                <Coords points="842,1412 931,1418 1021,1424 1111,1436 1200,1436 1290,1442 1379,1448 1469,1448 1559,1454 1648,1454 1738,1460 1827,1454 1917,1454 2007,1460 2096,1466 2186,1460 2275,1460 2365,1460 2455,1466 2544,1466 2634,1466 2730,1473 2730,1523 2634,1516 2544,1516 2455,1516 2365,1510 2275,1510 2186,1510 2096,1516 2007,1510 1917,1504 1827,1504 1738,1510 1648,1504 1559,1504 1469,1498 1379,1498 1290,1492 1200,1486 1111,1486 1021,1474 931,1468 842,1462"/>
                <Baseline points="842,1457 931,1463 1021,1469 1111,1481 1200,1481 1290,1487 1379,1493 1469,1493 1559,1499 1648,1499 1738,1505 1827,1499 1917,1499 2007,1505 2096,1511 2186,1505 2275,1505 2365,1505 2455,1511 2544,1511 2634,1511 2730,1518"/>
                <TextEquiv>
                    <Unicode>ses payemens, son dérangemens</Unicode>
                </TextEquiv>
            </TextLine>
            <TextLine id="tr_4_tl_10" custom="readingOrder {index:9;}">
                <Coords points="722,1549 812,1549 902,1555 991,1567 1081,1573 1170,1579 1260,1579 1350,1585 1439,1591 1529,1597 1618,1603 1708,1609 1798,1609 1887,1615 1977,1615 2066,1621 2156,1621 2246,1627 2264,1633 2264,1683 2246,1677 2156,1671 2066,1671 1977,1665 1887,1665 1798,1659 1708,1659 1618,1653 1529,1647 1439,1641 1350,1635 1260,1629 1170,1629 1081,1623 991,1617 902,1605 812,1599 722,1599"/>
                <Baseline points="722,1594 812,1594 902,1600 991,1612 1081,1618 1170,1624 1260,1624 1350,1630 1439,1636 1529,1642 1618,1648 1708,1654 1798,1654 1887,1660 1977,1660 2066,1666 2156,1666 2246,1672 2264,1678"/>
                <TextEquiv>
                    <Unicode>n'est que de 4 million ;</Unicode>
                </TextEquiv>
            </TextLine>
            <TextEquiv>
                <Unicode></Unicode>
            </TextEquiv>
        </TextRegion>
        <TextRegion id="tr_1" custom="readingOrder {index:1;}">
            <Coords points="543,1736 2777,1736 2777,3403 543,3403"/>
            <TextLine id="tr_1_tl_1" custom="readingOrder {index:0;}">
                <Coords points="585,1747 675,1741 764,1741 854,1747 943,1753 1033,1759 1123,1765 1212,1765 1302,1771 1391,1776 1481,1782 1571,1788 1660,1782 1750,1782 1839,1788 1929,1800 2019,1806 2108,1806 2198,1806 2287,1806 2377,1812 2467,1812 2556,1818 2646,1830 2730,1830 2730,1880 2646,1880 2556,1868 2467,1862 2377,1862 2287,1856 2198,1856 2108,1856 2019,1856 1929,1850 1839,1838 1750,1832 1660,1832 1571,1838 1481,1832 1391,1826 1302,1821 1212,1815 1123,1815 1033,1809 943,1803 854,1797 764,1791 675,1791 585,1797"/>
                <Baseline points="585,1792 675,1786 764,1786 854,1792 943,1798 1033,1804 1123,1810 1212,1810 1302,1816 1391,1821 1481,1827 1571,1833 1660,1827 1750,1827 1839,1833 1929,1845 2019,1851 2108,1851 2198,1851 2287,1851 2377,1857 2467,1857 2556,1863 2646,1875 2730,1875"/>
                <TextEquiv>
                    <Unicode>Freron n°7 10 janvier 1787 pl. 39 Voila</Unicode>
                </TextEquiv>
            </TextLine>
            <TextLine id="tr_1_tl_2" custom="readingOrder {index:1;}">
                <Coords points="555,1854 645,1860 734,1872 824,1872 913,1878 1003,1878 1093,1884 1182,1884 1272,1896 1362,1896 1451,1902 1541,1908 1630,1914 1720,1908 1810,1914 1899,1914 1989,1920 2078,1920 2168,1920 2258,1920 2347,1926 2437,1926 2526,1926 2616,1932 2706,1932 2735,1938 2735,1988 2706,1982 2616,1982 2526,1976 2437,1976 2347,1976 2258,1970 2168,1970 2078,1970 1989,1970 1899,1964 1810,1964 1720,1958 1630,1964 1541,1958 1451,1952 1362,1946 1272,1946 1182,1934 1093,1934 1003,1928 913,1928 824,1922 734,1922 645,1910 555,1904"/>
                <Baseline points="555,1899 645,1905 734,1917 824,1917 913,1923 1003,1923 1093,1929 1182,1929 1272,1941 1362,1941 1451,1947 1541,1953 1630,1959 1720,1953 1810,1959 1899,1959 1989,1965 2078,1965 2168,1965 2258,1965 2347,1971 2437,1971 2526,1971 2616,1977 2706,1977 2735,1983"/>
                <TextEquiv>
                    <Unicode>comme on ecusson dans le bon temps</Unicode>
                </TextEquiv>
            </TextLine>
            <TextLine id="tr_1_tl_3" custom="readingOrder {index:2;}">
                <Coords points="543,1986 633,1992 722,1998 812,2003 902,2009 991,2009 1081,2009 1170,2015 1260,2015 1350,2021 1439,2015 1529,2021 1618,2027 1708,2033 1798,2027 1887,2027 1977,2039 2066,2039 2156,2045 2246,2051 2335,2057 2425,2051 2514,2057 2604,2057 2694,2057 2765,2063 2765,2113 2694,2107 2604,2107 2514,2107 2425,2101 2335,2107 2246,2101 2156,2095 2066,2089 1977,2089 1887,2077 1798,2077 1708,2083 1618,2077 1529,2071 1439,2065 1350,2071 1260,2065 1170,2065 1081,2059 991,2059 902,2059 812,2053 722,2048 633,2042 543,2036"/>
                <Baseline points="543,2031 633,2037 722,2043 812,2048 902,2054 991,2054 1081,2054 1170,2060 1260,2060 1350,2066 1439,2060 1529,2066 1618,2072 1708,2078 1798,2072 1887,2072 1977,2084 2066,2084 2156,2090 2246,2096 2335,2102 2425,2096 2514,2102 2604,2102 2694,2102 2765,2108"/>
                <TextEquiv>
                    <Unicode>Cetissa ma jeslireux &amp; &amp; pensé, n'est pas </Unicode>
                </TextEquiv>
            </TextLine>
            <TextLine id="tr_1_tl_4" custom="readingOrder {index:3;}">
                <Coords points="639,2135 728,2141 818,2147 908,2153 997,2153 1087,2159 1176,2159 1266,2165 1356,2159 1445,2165 1535,2159 1624,2165 1714,2165 1804,2165 1893,2171 1983,2177 2072,2177 2162,2183 2252,2189 2341,2189 2431,2189 2520,2195 2610,2195 2700,2195 2777,2195 2777,2245 2700,2245 2610,2245 2520,2245 2431,2239 2341,2239 2252,2239 2162,2233 2072,2227 1983,2227 1893,2221 1804,2215 1714,2215 1624,2215 1535,2209 1445,2215 1356,2209 1266,2215 1176,2209 1087,2209 997,2203 908,2203 818,2197 728,2191 639,2185"/>
                <Baseline points="639,2180 728,2186 818,2192 908,2198 997,2198 1087,2204 1176,2204 1266,2210 1356,2204 1445,2210 1535,2204 1624,2210 1714,2210 1804,2210 1893,2216 1983,2222 2072,2222 2162,2228 2252,2234 2341,2234 2431,2234 2520,2240 2610,2240 2700,2240 2777,2240"/>
                <TextEquiv>
                    <Unicode>sainlissant de ces bluttes phospho-</Unicode>
                </TextEquiv>
            </TextLine>
            <TextLine id="tr_1_tl_5" custom="readingOrder {index:4;}">
                <Coords points="722,2272 812,2272 902,2284 991,2290 1081,2296 1170,2296 1260,2296 1350,2296 1439,2302 1529,2296 1618,2296 1708,2296 1798,2302 1887,2302 1977,2302 2066,2302 2156,2302 2246,2308 2335,2308 2425,2314 2514,2320 2604,2320 2694,2326 2753,2332 2753,2382 2694,2376 2604,2370 2514,2370 2425,2364 2335,2358 2246,2358 2156,2352 2066,2352 1977,2352 1887,2352 1798,2352 1708,2346 1618,2346 1529,2346 1439,2352 1350,2346 1260,2346 1170,2346 1081,2346 991,2340 902,2334 812,2322 722,2322"/>
                <Baseline points="722,2317 812,2317 902,2329 991,2335 1081,2341 1170,2341 1260,2341 1350,2341 1439,2347 1529,2341 1618,2341 1708,2341 1798,2347 1887,2347 1977,2347 2066,2347 2156,2347 2246,2353 2335,2353 2425,2359 2514,2365 2604,2365 2694,2371 2753,2377"/>
                <TextEquiv>
                    <Unicode>riques, sans durec &amp; sans chaleur </Unicode>
                </TextEquiv>
            </TextLine>
            <TextLine id="tr_1_tl_6" custom="readingOrder {index:5;}">
                <Coords points="776,2410 866,2422 955,2428 1045,2434 1135,2434 1224,2434 1314,2434 1403,2434 1493,2428 1583,2434 1672,2434 1762,2434 1851,2434 1941,2434 2031,2434 2120,2428 2210,2434 2299,2434 2389,2434 2479,2434 2568,2440 2658,2446 2718,2458 2718,2508 2658,2496 2568,2490 2479,2484 2389,2484 2299,2484 2210,2484 2120,2478 2031,2484 1941,2484 1851,2484 1762,2484 1672,2484 1583,2484 1493,2478 1403,2484 1314,2484 1224,2484 1135,2484 1045,2484 955,2478 866,2472 776,2460"/>
                <Baseline points="776,2455 866,2467 955,2473 1045,2479 1135,2479 1224,2479 1314,2479 1403,2479 1493,2473 1583,2479 1672,2479 1762,2479 1851,2479 1941,2479 2031,2479 2120,2473 2210,2479 2299,2479 2389,2479 2479,2479 2568,2485 2658,2491 2718,2503"/>
                <TextEquiv>
                    <Unicode>dont on soupoudre avec tant</Unicode>
                </TextEquiv>
            </TextLine>
            <TextLine id="tr_1_tl_7" custom="readingOrder {index:6;}">
                <Coords points="669,2541 758,2547 848,2553 937,2565 1027,2559 1117,2559 1206,2559 1296,2559 1385,2559 1475,2565 1565,2565 1654,2559 1744,2565 1833,2565 1923,2559 2013,2559 2102,2565 2192,2565 2281,2559 2371,2553 2461,2559 2550,2559 2640,2565 2730,2571 2777,2571 2777,2621 2730,2621 2640,2615 2550,2609 2461,2609 2371,2603 2281,2609 2192,2615 2102,2615 2013,2609 1923,2609 1833,2615 1744,2615 1654,2609 1565,2615 1475,2615 1385,2609 1296,2609 1206,2609 1117,2609 1027,2609 937,2615 848,2603 758,2597 669,2591"/>
                <Baseline points="669,2586 758,2592 848,2598 937,2610 1027,2604 1117,2604 1206,2604 1296,2604 1385,2604 1475,2610 1565,2610 1654,2604 1744,2610 1833,2610 1923,2604 2013,2604 2102,2610 2192,2610 2281,2604 2371,2598 2461,2604 2550,2604 2640,2610 2730,2616 2777,2616"/>
                <TextEquiv>
                    <Unicode>d'affectation les petits Chapitres </Unicode>
                </TextEquiv>
            </TextLine>
            <TextLine id="tr_1_tl_8" custom="readingOrder {index:7;}">
                <Coords points="776,2673 866,2679 955,2690 1045,2685 1135,2690 1224,2696 1314,2690 1403,2690 1493,2685 1583,2690 1672,2696 1762,2696 1851,2696 1941,2696 2031,2696 2120,2690 2210,2685 2299,2685 2389,2685 2479,2679 2568,2685 2628,2708 2628,2758 2568,2735 2479,2729 2389,2735 2299,2735 2210,2735 2120,2740 2031,2746 1941,2746 1851,2746 1762,2746 1672,2746 1583,2740 1493,2735 1403,2740 1314,2740 1224,2746 1135,2740 1045,2735 955,2740 866,2729 776,2723"/>
                <Baseline points="776,2718 866,2724 955,2735 1045,2730 1135,2735 1224,2741 1314,2735 1403,2735 1493,2730 1583,2735 1672,2741 1762,2741 1851,2741 1941,2741 2031,2741 2120,2735 2210,2730 2299,2730 2389,2730 2479,2724 2568,2730 2628,2753"/>
                <TextEquiv>
                    <Unicode>de nos petits Livres moderne, </Unicode>
                </TextEquiv>
            </TextLine>
            <TextLine id="tr_1_tl_9" custom="readingOrder {index:8;}">
                <Coords points="615,2792 704,2804 794,2810 884,2816 973,2822 1063,2828 1152,2828 1242,2834 1332,2834 1421,2828 1511,2828 1600,2828 1690,2828 1780,2828 1869,2834 1959,2834 2048,2834 2138,2834 2228,2834 2317,2834 2407,2828 2497,2828 2586,2828 2676,2840 2741,2852 2741,2902 2676,2890 2586,2878 2497,2878 2407,2878 2317,2884 2228,2884 2138,2884 2048,2884 1959,2884 1869,2884 1780,2878 1690,2878 1600,2878 1511,2878 1421,2878 1332,2884 1242,2884 1152,2878 1063,2878 973,2872 884,2866 794,2860 704,2854 615,2842"/>
                <Baseline points="615,2837 704,2849 794,2855 884,2861 973,2867 1063,2873 1152,2873 1242,2879 1332,2879 1421,2873 1511,2873 1600,2873 1690,2873 1780,2873 1869,2879 1959,2879 2048,2879 2138,2879 2228,2879 2317,2879 2407,2873 2497,2873 2586,2873 2676,2885 2741,2897"/>
                <TextEquiv>
                    <Unicode>La maniere en est large, noble &amp; </Unicode>
                </TextEquiv>
            </TextLine>
            <TextLine id="tr_1_tl_10" custom="readingOrder {index:9;}">
                <Coords points="609,2929 698,2941 788,2947 878,2947 967,2953 1057,2947 1146,2953 1236,2953 1326,2959 1415,2959 1505,2965 1594,2959 1684,2977 1774,2965 1863,2965 1953,2959 2043,2959 2132,2959 2222,2959 2311,2953 2401,2947 2491,2947 2580,2953 2670,2959 2759,2971 2777,2971 2777,3021 2759,3021 2670,3009 2580,3003 2491,2997 2401,2997 2311,3003 2222,3009 2132,3009 2043,3009 1953,3009 1863,3015 1774,3015 1684,3027 1594,3009 1505,3015 1415,3009 1326,3009 1236,3003 1146,3003 1057,2997 967,3003 878,2997 788,2997 698,2991 609,2979"/>
                <Baseline points="609,2974 698,2986 788,2992 878,2992 967,2998 1057,2992 1146,2998 1236,2998 1326,3004 1415,3004 1505,3010 1594,3004 1684,3022 1774,3010 1863,3010 1953,3004 2043,3004 2132,3004 2222,3004 2311,2998 2401,2992 2491,2992 2580,2998 2670,3004 2759,3016 2777,3016"/>
                <TextEquiv>
                    <Unicode>vigne du sujet ; On ne trouvera </Unicode>
                </TextEquiv>
            </TextLine>
            <TextLine id="tr_1_tl_11" custom="readingOrder {index:10;}">
                <Coords points="597,3073 686,3085 776,3085 866,3079 955,3079 1045,3079 1135,3085 1224,3085 1314,3085 1403,3079 1493,3079 1583,3085 1672,3091 1762,3091 1851,3085 1941,3079 2031,3079 2120,3079 2210,3085 2299,3079 2389,3073 2479,3073 2568,3073 2658,3079 2735,3091 2735,3141 2658,3129 2568,3123 2479,3123 2389,3123 2299,3129 2210,3135 2120,3129 2031,3129 1941,3129 1851,3135 1762,3141 1672,3141 1583,3135 1493,3129 1403,3129 1314,3135 1224,3135 1135,3135 1045,3129 955,3129 866,3129 776,3135 686,3135 597,3123"/>
                <Baseline points="597,3118 686,3130 776,3130 866,3124 955,3124 1045,3124 1135,3130 1224,3130 1314,3130 1403,3124 1493,3124 1583,3130 1672,3136 1762,3136 1851,3130 1941,3124 2031,3124 2120,3124 2210,3130 2299,3124 2389,3118 2479,3118 2568,3118 2658,3124 2735,3136"/>
                <TextEquiv>
                    <Unicode>pas une seule phase à prétention</Unicode>
                </TextEquiv>
            </TextLine>
            <TextLine id="tr_1_tl_12" custom="readingOrder {index:11;}">
                <Coords points="621,3216 669,3210 758,3210 848,3216 937,3210 1027,3216 1117,3216 1206,3216 1296,3216 1385,3216 1475,3222 1565,3222 1654,3222 1744,3216 1833,3222 1923,3216 2013,3210 2102,3210 2192,3204 2281,3198 2371,3198 2461,3192 2550,3186 2640,3192 2640,3242 2550,3236 2461,3242 2371,3248 2281,3248 2192,3254 2102,3260 2013,3260 1923,3266 1833,3272 1744,3266 1654,3272 1565,3272 1475,3272 1385,3266 1296,3266 1206,3266 1117,3266 1027,3266 937,3260 848,3266 758,3260 669,3260 621,3266"/>
                <Baseline points="621,3261 669,3255 758,3255 848,3261 937,3255 1027,3261 1117,3261 1206,3261 1296,3261 1385,3261 1475,3267 1565,3267 1654,3267 1744,3261 1833,3267 1923,3261 2013,3255 2102,3255 2192,3249 2281,3243 2371,3243 2461,3237 2550,3231 2640,3237"/>
                <TextEquiv>
                    <Unicode>ou ce mauvais gout dans tout le </Unicode>
                </TextEquiv>
            </TextLine>
            <TextLine id="tr_1_tl_13" custom="readingOrder {index:12;}">
                <Coords points="615,3330 704,3336 794,3342 884,3342 973,3342 1063,3342 1152,3342 1242,3342 1332,3348 1421,3342 1511,3342 1600,3336 1690,3330 1780,3330 1869,3336 1869,3386 1780,3380 1690,3380 1600,3386 1511,3392 1421,3392 1332,3398 1242,3392 1152,3392 1063,3392 973,3392 884,3392 794,3392 704,3386 615,3380"/>
                <Baseline points="615,3375 704,3381 794,3387 884,3387 973,3387 1063,3387 1152,3387 1242,3387 1332,3393 1421,3387 1511,3387 1600,3381 1690,3375 1780,3375 1869,3381"/>
                <TextEquiv>
                    <Unicode>coeur de cet ouvrage</Unicode>
                </TextEquiv>
            </TextLine>
            <TextEquiv>
                <Unicode></Unicode>
            </TextEquiv>
        </TextRegion>
        <TextRegion id="tr_2" custom="readingOrder {index:2;}">
            <Coords points="663,3510 2837,3510 2837,4478 663,4478"/>
            <TextLine id="tr_2_tl_1" custom="readingOrder {index:0;}">
                <Coords points="788,3527 878,3521 967,3521 1057,3521 1146,3521 1236,3521 1326,3527 1415,3533 1505,3533 1594,3527 1684,3521 1774,3527 1863,3521 1953,3521 2043,3527 2132,3515 2222,3521 2311,3521 2401,3521 2491,3527 2580,3527 2670,3533 2759,3539 2837,3545 2837,3595 2759,3589 2670,3583 2580,3577 2491,3577 2401,3571 2311,3571 2222,3571 2132,3565 2043,3577 1953,3571 1863,3571 1774,3577 1684,3571 1594,3577 1505,3583 1415,3583 1326,3577 1236,3571 1146,3571 1057,3571 967,3571 878,3571 788,3577"/>
                <Baseline points="788,3572 878,3566 967,3566 1057,3566 1146,3566 1236,3566 1326,3572 1415,3578 1505,3578 1594,3572 1684,3566 1774,3572 1863,3566 1953,3566 2043,3572 2132,3560 2222,3566 2311,3566 2401,3566 2491,3572 2580,3572 2670,3578 2759,3584 2837,3590"/>
                <TextEquiv>
                    <Unicode>Freron n° 4 23 janvier 1787 page 213 </Unicode>
                </TextEquiv>
            </TextLine>
            <TextLine id="tr_2_tl_2" custom="readingOrder {index:1;}">
                <Coords points="806,3640 896,3640 985,3652 1075,3652 1164,3658 1254,3658 1344,3664 1433,3658 1523,3658 1612,3658 1702,3664 1792,3664 1881,3664 1971,3664 2060,3670 2150,3670 2240,3670 2329,3670 2419,3676 2508,3676 2598,3682 2688,3688 2777,3694 2831,3700 2831,3750 2777,3744 2688,3738 2598,3732 2508,3726 2419,3726 2329,3720 2240,3720 2150,3720 2060,3720 1971,3714 1881,3714 1792,3714 1702,3714 1612,3708 1523,3708 1433,3708 1344,3714 1254,3708 1164,3708 1075,3702 985,3702 896,3690 806,3690"/>
                <Baseline points="806,3685 896,3685 985,3697 1075,3697 1164,3703 1254,3703 1344,3709 1433,3703 1523,3703 1612,3703 1702,3709 1792,3709 1881,3709 1971,3709 2060,3715 2150,3715 2240,3715 2329,3715 2419,3721 2508,3721 2598,3727 2688,3733 2777,3739 2831,3745"/>
                <TextEquiv>
                    <Unicode>Le matin dans les airs, le soir dans le</Unicode>
                </TextEquiv>
            </TextLine>
            <TextLine id="tr_2_tl_3" custom="readingOrder {index:2;}">
                <Coords points="1618,3766 1708,3772 1798,3778 1887,3778 1977,3784 2066,3790 2072,3790 2072,3840 2066,3840 1977,3834 1887,3828 1798,3828 1708,3822 1618,3816"/>
                <Baseline points="1618,3811 1708,3817 1798,3823 1887,3823 1977,3829 2066,3835 2072,3835"/>
                <TextEquiv>
                    <Unicode>tombeau</Unicode>
                </TextEquiv>
            </TextLine>
            <TextLine id="tr_2_tl_4" custom="readingOrder {index:3;}">
                <Coords points="663,3825 752,3820 842,3825 931,3831 1021,3837 1111,3843 1200,3843 1290,3849 1379,3855 1469,3861 1559,3867 1648,3873 1738,3879 1827,3891 1917,3897 2007,3903 2096,3891 2186,3891 2275,3891 2365,3891 2455,3897 2544,3903 2634,3909 2718,3915 2718,3965 2634,3959 2544,3953 2455,3947 2365,3941 2275,3941 2186,3941 2096,3941 2007,3953 1917,3947 1827,3941 1738,3929 1648,3923 1559,3917 1469,3911 1379,3905 1290,3899 1200,3893 1111,3893 1021,3887 931,3881 842,3875 752,3870 663,3875"/>
                <Baseline points="663,3870 752,3865 842,3870 931,3876 1021,3882 1111,3888 1200,3888 1290,3894 1379,3900 1469,3906 1559,3912 1648,3918 1738,3924 1827,3936 1917,3942 2007,3948 2096,3936 2186,3936 2275,3936 2365,3936 2455,3942 2544,3948 2634,3954 2718,3960"/>
                <TextEquiv>
                    <Unicode>Voila quil est mortel, la fin d'un</Unicode>
                </TextEquiv>
            </TextLine>
            <TextLine id="tr_2_tl_5" custom="readingOrder {index:4;}">
                <Coords points="1379,3963 1469,3963 1559,3975 1648,3987 1738,3993 1827,3999 1917,3999 2007,3999 2096,4005 2150,4005 2150,4055 2096,4055 2007,4049 1917,4049 1827,4049 1738,4043 1648,4037 1559,4025 1469,4013 1379,4013"/>
                <Baseline points="1379,4008 1469,4008 1559,4020 1648,4032 1738,4038 1827,4044 1917,4044 2007,4044 2096,4050 2150,4050"/>
                <TextEquiv>
                    <Unicode>jour si beau</Unicode>
                </TextEquiv>
            </TextLine>
            <TextLine id="tr_2_tl_6" custom="readingOrder {index:5;}">
                <Coords points="663,4058 752,4058 842,4058 931,4058 1021,4064 1111,4070 1200,4070 1290,4076 1379,4082 1469,4082 1559,4088 1648,4094 1738,4100 1827,4100 1917,4100 2007,4106 2096,4100 2186,4106 2275,4106 2365,4112 2455,4112 2544,4118 2598,4124 2598,4174 2544,4168 2455,4162 2365,4162 2275,4156 2186,4156 2096,4150 2007,4156 1917,4150 1827,4150 1738,4150 1648,4144 1559,4138 1469,4132 1379,4132 1290,4126 1200,4120 1111,4120 1021,4114 931,4108 842,4108 752,4108 663,4108"/>
                <Baseline points="663,4103 752,4103 842,4103 931,4103 1021,4109 1111,4115 1200,4115 1290,4121 1379,4127 1469,4127 1559,4133 1648,4139 1738,4145 1827,4145 1917,4145 2007,4151 2096,4145 2186,4151 2275,4151 2365,4157 2455,4157 2544,4163 2598,4169"/>
                <TextEquiv>
                    <Unicode>Montrant de l'homme au meme</Unicode>
                </TextEquiv>
            </TextLine>
            <TextLine id="tr_2_tl_7" custom="readingOrder {index:6;}">
                <Coords points="1845,4190 1935,4190 2025,4190 2114,4202 2204,4208 2258,4208 2258,4258 2204,4258 2114,4252 2025,4240 1935,4240 1845,4240"/>
                <Baseline points="1845,4235 1935,4235 2025,4235 2114,4247 2204,4253 2258,4253"/>
                <TextEquiv>
                    <Unicode>instant</Unicode>
                </TextEquiv>
            </TextLine>
            <TextLine id="tr_2_tl_8" custom="readingOrder {index:7;}">
                <Coords points="1093,4250 1182,4256 1272,4256 1362,4268 1451,4268 1541,4279 1630,4285 1720,4297 1810,4297 1899,4297 1989,4297 2078,4297 2168,4303 2258,4309 2347,4309 2437,4315 2514,4327 2514,4377 2437,4365 2347,4359 2258,4359 2168,4353 2078,4347 1989,4347 1899,4347 1810,4347 1720,4347 1630,4335 1541,4329 1451,4318 1362,4318 1272,4306 1182,4306 1093,4300"/>
                <Baseline points="1093,4295 1182,4301 1272,4301 1362,4313 1451,4313 1541,4324 1630,4330 1720,4342 1810,4342 1899,4342 1989,4342 2078,4342 2168,4348 2258,4354 2347,4354 2437,4360 2514,4372"/>
                <TextEquiv>
                    <Unicode>Et le grandeur &amp; le nean</Unicode>
                </TextEquiv>
            </TextLine>
            <TextLine id="tr_2_tl_9" custom="readingOrder {index:8;}">
                <Coords points="722,4351 812,4351 902,4357 991,4363 1081,4369 1170,4375 1260,4375 1350,4375 1439,4381 1529,4381 1618,4393 1708,4393 1798,4393 1887,4393 1977,4387 2066,4387 2156,4399 2246,4399 2335,4405 2425,4405 2514,4411 2604,4417 2634,4423 2634,4473 2604,4467 2514,4461 2425,4455 2335,4455 2246,4449 2156,4449 2066,4437 1977,4437 1887,4443 1798,4443 1708,4443 1618,4443 1529,4431 1439,4431 1350,4425 1260,4425 1170,4425 1081,4419 991,4413 902,4407 812,4401 722,4401"/>
                <Baseline points="722,4396 812,4396 902,4402 991,4408 1081,4414 1170,4420 1260,4420 1350,4420 1439,4426 1529,4426 1618,4438 1708,4438 1798,4438 1887,4438 1977,4432 2066,4432 2156,4444 2246,4444 2335,4450 2425,4450 2514,4456 2604,4462 2634,4468"/>
                <TextEquiv>
                    <Unicode>Pour Pilatre de Rosieu &amp; Lomans</Unicode>
                </TextEquiv>
            </TextLine>
            <TextEquiv>
                <Unicode></Unicode>
            </TextEquiv>
        </TextRegion>
        <TextRegion id="tr_6" custom="readingOrder {index:3;}">
            <Coords points="3022,308 5382,308 5382,1413 3022,1413"/>
            <TextLine id="tr_6_tl_1" custom="readingOrder {index:0;}">
                <Coords points="3022,319 3094,331 3184,337 3273,343 3363,343 3452,343 3542,337 3632,331 3721,331 3811,325 3900,325 3990,325 4080,319 4169,319 4259,319 4348,313 4438,313 4438,363 4348,363 4259,369 4169,369 4080,369 3990,375 3900,375 3811,375 3721,381 3632,381 3542,387 3452,393 3363,393 3273,393 3184,387 3094,381 3022,369"/>
                <Baseline points="3022,364 3094,376 3184,382 3273,388 3363,388 3452,388 3542,382 3632,376 3721,376 3811,370 3900,370 3990,370 4080,364 4169,364 4259,364 4348,358 4438,358"/>
                <TextEquiv>
                    <Unicode>L'on a nulle intention</Unicode>
                </TextEquiv>
            </TextLine>
            <TextLine id="tr_6_tl_2" custom="readingOrder {index:1;}">
                <Coords points="5209,355 5292,349 5382,349 5382,399 5292,399 5209,405"/>
                <Baseline points="5209,400 5292,394 5382,394"/>
                <TextEquiv>
                    <Unicode>37</Unicode>
                </TextEquiv>
            </TextLine>
            <TextLine id="tr_6_tl_3" custom="readingOrder {index:2;}">
                <Coords points="3130,456 3166,456 3255,462 3345,462 3434,462 3524,456 3614,456 3703,456 3793,444 3882,438 3972,438 4062,438 4151,438 4241,438 4330,432 4420,432 4510,438 4599,444 4599,494 4510,488 4420,482 4330,482 4241,488 4151,488 4062,488 3972,488 3882,488 3793,494 3703,506 3614,506 3524,506 3434,512 3345,512 3255,512 3166,506 3130,506"/>
                <Baseline points="3130,501 3166,501 3255,507 3345,507 3434,507 3524,501 3614,501 3703,501 3793,489 3882,483 3972,483 4062,483 4151,483 4241,483 4330,477 4420,477 4510,483 4599,489"/>
                <TextEquiv>
                    <Unicode>Lon avoit trouvé la pensée</Unicode>
                </TextEquiv>
            </TextLine>
            <TextLine id="tr_6_tl_4" custom="readingOrder {index:3;}">
                <Coords points="3034,582 3112,588 3201,588 3291,588 3381,588 3470,588 3560,582 3649,582 3739,576 3829,570 3918,558 4008,558 4097,558 4187,564 4277,564 4366,564 4456,558 4546,552 4635,558 4725,552 4814,552 4904,552 4994,558 4994,608 4904,602 4814,602 4725,602 4635,608 4546,602 4456,608 4366,614 4277,614 4187,614 4097,608 4008,608 3918,608 3829,620 3739,626 3649,632 3560,632 3470,638 3381,638 3291,638 3201,638 3112,638 3034,632"/>
                <Baseline points="3034,627 3112,633 3201,633 3291,633 3381,633 3470,633 3560,627 3649,627 3739,621 3829,615 3918,603 4008,603 4097,603 4187,609 4277,609 4366,609 4456,603 4546,597 4635,603 4725,597 4814,597 4904,597 4994,603"/>
                <TextEquiv>
                    <Unicode>Lon a traduit ces deux von francoi</Unicode>
                </TextEquiv>
            </TextLine>
            <TextLine id="tr_6_tl_5" custom="readingOrder {index:4;}">
                <Coords points="3046,701 3094,707 3184,713 3273,713 3363,713 3452,713 3542,707 3632,707 3721,701 3811,695 3811,745 3721,751 3632,757 3542,757 3452,763 3363,763 3273,763 3184,763 3094,757 3046,751"/>
                <Baseline points="3046,746 3094,752 3184,758 3273,758 3363,758 3452,758 3542,752 3632,752 3721,746 3811,740"/>
                <TextEquiv>
                    <Unicode>Lon conviens</Unicode>
                </TextEquiv>
            </TextLine>
            <TextLine id="tr_6_tl_6" custom="readingOrder {index:5;}">
                <Coords points="3088,827 3094,821 3184,833 3273,839 3363,839 3452,833 3542,827 3632,827 3721,827 3811,821 3900,815 3990,809 4080,803 4169,809 4259,809 4348,815 4438,815 4528,815 4617,821 4707,815 4796,809 4886,809 4976,809 5065,809 5155,815 5155,865 5065,859 4976,859 4886,859 4796,859 4707,865 4617,871 4528,865 4438,865 4348,865 4259,859 4169,859 4080,853 3990,859 3900,865 3811,871 3721,877 3632,877 3542,877 3452,883 3363,889 3273,889 3184,883 3094,871 3088,877"/>
                <Baseline points="3088,872 3094,866 3184,878 3273,884 3363,884 3452,878 3542,872 3632,872 3721,872 3811,866 3900,860 3990,854 4080,848 4169,854 4259,854 4348,860 4438,860 4528,860 4617,866 4707,860 4796,854 4886,854 4976,854 5065,854 5155,860"/>
                <TextEquiv>
                    <Unicode>Lon dit que c'étoit une faute grave en</Unicode>
                </TextEquiv>
            </TextLine>
            <TextLine id="tr_6_tl_7" custom="readingOrder {index:6;}">
                <Coords points="3632,940 3697,934 3787,928 3876,922 3966,922 3966,972 3876,972 3787,978 3697,984 3632,990"/>
                <Baseline points="3632,985 3697,979 3787,973 3876,967 3966,967"/>
                <TextEquiv>
                    <Unicode>poesie</Unicode>
                </TextEquiv>
            </TextLine>
            <TextLine id="tr_6_tl_8" custom="readingOrder {index:7;}">
                <Coords points="3064,1018 3154,1030 3243,1042 3333,1048 3422,1048 3512,1060 3602,1054 3691,1054 3781,1048 3870,1042 3960,1042 4050,1042 4139,1036 4229,1042 4319,1054 4408,1048 4498,1054 4587,1060 4665,1066 4665,1116 4587,1110 4498,1104 4408,1098 4319,1104 4229,1092 4139,1086 4050,1092 3960,1092 3870,1092 3781,1098 3691,1104 3602,1104 3512,1110 3422,1098 3333,1098 3243,1092 3154,1080 3064,1068"/>
                <Baseline points="3064,1063 3154,1075 3243,1087 3333,1093 3422,1093 3512,1105 3602,1099 3691,1099 3781,1093 3870,1087 3960,1087 4050,1087 4139,1081 4229,1087 4319,1099 4408,1093 4498,1099 4587,1105 4665,1111"/>
                <TextEquiv>
                    <Unicode>L'on se flatte que Mr Vennes</Unicode>
                </TextEquiv>
            </TextLine>
            <TextLine id="tr_6_tl_9" custom="readingOrder {index:8;}">
                <Coords points="3142,1179 3231,1197 3321,1209 3411,1215 3500,1215 3590,1209 3679,1209 3769,1209 3859,1209 3948,1209 4038,1209 4127,1203 4217,1203 4307,1209 4396,1203 4486,1209 4575,1209 4665,1209 4755,1209 4844,1209 4934,1215 5023,1209 5113,1209 5203,1221 5209,1215 5209,1265 5203,1271 5113,1259 5023,1259 4934,1265 4844,1259 4755,1259 4665,1259 4575,1259 4486,1259 4396,1253 4307,1259 4217,1253 4127,1253 4038,1259 3948,1259 3859,1259 3769,1259 3679,1259 3590,1259 3500,1265 3411,1265 3321,1259 3231,1247 3142,1229"/>
                <Baseline points="3142,1224 3231,1242 3321,1254 3411,1260 3500,1260 3590,1254 3679,1254 3769,1254 3859,1254 3948,1254 4038,1254 4127,1248 4217,1248 4307,1254 4396,1248 4486,1254 4575,1254 4665,1254 4755,1254 4844,1254 4934,1260 5023,1254 5113,1254 5203,1266 5209,1260"/>
                <TextEquiv>
                    <Unicode>Le matin dans les airs comblé de gloire</Unicode>
                </TextEquiv>
            </TextLine>
            <TextLine id="tr_6_tl_10" custom="readingOrder {index:9;}">
                <Coords points="3130,1322 3219,1334 3309,1340 3399,1346 3488,1346 3578,1346 3667,1346 3757,1346 3847,1340 3936,1340 4026,1340 4115,1340 4205,1340 4295,1340 4384,1340 4474,1340 4563,1340 4653,1340 4743,1340 4832,1340 4922,1340 5011,1340 5101,1340 5191,1346 5280,1352 5298,1358 5298,1408 5280,1402 5191,1396 5101,1390 5011,1390 4922,1390 4832,1390 4743,1390 4653,1390 4563,1390 4474,1390 4384,1390 4295,1390 4205,1390 4115,1390 4026,1390 3936,1390 3847,1390 3757,1396 3667,1396 3578,1396 3488,1396 3399,1396 3309,1390 3219,1384 3130,1372"/>
                <Baseline points="3130,1367 3219,1379 3309,1385 3399,1391 3488,1391 3578,1391 3667,1391 3757,1391 3847,1385 3936,1385 4026,1385 4115,1385 4205,1385 4295,1385 4384,1385 4474,1385 4563,1385 4653,1385 4743,1385 4832,1385 4922,1385 5011,1385 5101,1385 5191,1391 5280,1397 5298,1403"/>
                <TextEquiv>
                    <Unicode>Le soir soir ne reste d'eux que la mémoir</Unicode>
                </TextEquiv>
            </TextLine>
            <TextEquiv>
                <Unicode></Unicode>
            </TextEquiv>
        </TextRegion>
        <TextRegion id="tr_3" custom="readingOrder {index:4;}">
            <Coords points="3016,1497 5430,1497 5430,2674 3016,2674"/>
            <TextLine id="tr_3_tl_1" custom="readingOrder {index:0;}">
                <Coords points="3046,1508 3136,1502 3225,1502 3315,1502 3405,1502 3494,1508 3584,1508 3673,1502 3763,1508 3853,1514 3942,1520 4032,1514 4121,1514 4211,1514 4301,1520 4390,1520 4480,1526 4569,1538 4659,1538 4749,1538 4838,1532 4904,1538 4904,1588 4838,1582 4749,1588 4659,1588 4569,1588 4480,1576 4390,1570 4301,1570 4211,1564 4121,1564 4032,1564 3942,1570 3853,1564 3763,1558 3673,1552 3584,1558 3494,1558 3405,1552 3315,1552 3225,1552 3136,1552 3046,1558"/>
                <Baseline points="3046,1553 3136,1547 3225,1547 3315,1547 3405,1547 3494,1553 3584,1553 3673,1547 3763,1553 3853,1559 3942,1565 4032,1559 4121,1559 4211,1559 4301,1565 4390,1565 4480,1571 4569,1583 4659,1583 4749,1583 4838,1577 4904,1583"/>
                <TextEquiv>
                    <Unicode>Freron n°9 27 fevriier 1787 pl. 99</Unicode>
                </TextEquiv>
            </TextLine>
            <TextLine id="tr_3_tl_2" custom="readingOrder {index:1;}">
                <Coords points="3058,1615 3148,1615 3237,1621 3327,1621 3416,1621 3506,1627 3596,1639 3685,1639 3775,1639 3865,1645 3954,1645 4044,1645 4133,1651 4223,1651 4313,1651 4402,1657 4492,1663 4581,1657 4671,1663 4761,1663 4850,1663 4940,1663 5029,1663 5119,1669 5209,1669 5233,1669 5233,1719 5209,1719 5119,1719 5029,1713 4940,1713 4850,1713 4761,1713 4671,1713 4581,1707 4492,1713 4402,1707 4313,1701 4223,1701 4133,1701 4044,1695 3954,1695 3865,1695 3775,1689 3685,1689 3596,1689 3506,1677 3416,1671 3327,1671 3237,1671 3148,1665 3058,1665"/>
                <Baseline points="3058,1660 3148,1660 3237,1666 3327,1666 3416,1666 3506,1672 3596,1684 3685,1684 3775,1684 3865,1690 3954,1690 4044,1690 4133,1696 4223,1696 4313,1696 4402,1702 4492,1708 4581,1702 4671,1708 4761,1708 4850,1708 4940,1708 5029,1708 5119,1714 5209,1714 5233,1714"/>
                <TextEquiv>
                    <Unicode>Gellert. On sent qu'il vouloit faire </Unicode>
                </TextEquiv>
            </TextLine>
            <TextLine id="tr_3_tl_3" custom="readingOrder {index:2;}">
                <Coords points="3076,1735 3166,1735 3255,1741 3345,1741 3434,1741 3524,1741 3614,1741 3703,1741 3793,1747 3882,1753 3972,1759 4062,1759 4151,1765 4241,1765 4330,1765 4420,1771 4510,1771 4599,1776 4689,1771 4779,1771 4868,1776 4958,1771 5047,1771 5137,1765 5209,1765 5209,1815 5137,1815 5047,1821 4958,1821 4868,1826 4779,1821 4689,1821 4599,1826 4510,1821 4420,1821 4330,1815 4241,1815 4151,1815 4062,1809 3972,1809 3882,1803 3793,1797 3703,1791 3614,1791 3524,1791 3434,1791 3345,1791 3255,1791 3166,1785 3076,1785"/>
                <Baseline points="3076,1780 3166,1780 3255,1786 3345,1786 3434,1786 3524,1786 3614,1786 3703,1786 3793,1792 3882,1798 3972,1804 4062,1804 4151,1810 4241,1810 4330,1810 4420,1816 4510,1816 4599,1821 4689,1816 4779,1816 4868,1821 4958,1816 5047,1816 5137,1810 5209,1810"/>
                <TextEquiv>
                    <Unicode>aimer la vertu, comme il l'aimoit</Unicode>
                </TextEquiv>
            </TextLine>
            <TextLine id="tr_3_tl_4" custom="readingOrder {index:3;}">
                <Coords points="3052,1860 3142,1866 3231,1866 3321,1866 3411,1872 3500,1872 3590,1872 3679,1878 3769,1878 3859,1884 3948,1884 4038,1884 4127,1884 4217,1884 4307,1890 4396,1896 4486,1890 4575,1890 4665,1890 4755,1896 4844,1890 4934,1896 5023,1896 5113,1896 5203,1890 5292,1890 5382,1890 5430,1896 5430,1946 5382,1940 5292,1940 5203,1940 5113,1946 5023,1946 4934,1946 4844,1940 4755,1946 4665,1940 4575,1940 4486,1940 4396,1946 4307,1940 4217,1934 4127,1934 4038,1934 3948,1934 3859,1934 3769,1928 3679,1928 3590,1922 3500,1922 3411,1922 3321,1916 3231,1916 3142,1916 3052,1910"/>
                <Baseline points="3052,1905 3142,1911 3231,1911 3321,1911 3411,1917 3500,1917 3590,1917 3679,1923 3769,1923 3859,1929 3948,1929 4038,1929 4127,1929 4217,1929 4307,1935 4396,1941 4486,1935 4575,1935 4665,1935 4755,1941 4844,1935 4934,1941 5023,1941 5113,1941 5203,1935 5292,1935 5382,1935 5430,1941"/>
                <TextEquiv>
                    <Unicode>lui même, il Bruet, dans le plus beau</Unicode>
                </TextEquiv>
            </TextLine>
            <TextLine id="tr_3_tl_5" custom="readingOrder {index:4;}">
                <Coords points="3040,1980 3130,1980 3219,1986 3309,1992 3399,1992 3488,1998 3578,1998 3667,1998 3757,1998 3847,1998 3936,1998 4026,1998 4115,2003 4205,1998 4295,2009 4384,2003 4474,2003 4563,2003 4653,2003 4743,2003 4832,2009 4922,2009 5011,2009 5101,2009 5191,2009 5280,2009 5370,2015 5388,2015 5388,2065 5370,2065 5280,2059 5191,2059 5101,2059 5011,2059 4922,2059 4832,2059 4743,2053 4653,2053 4563,2053 4474,2053 4384,2053 4295,2059 4205,2048 4115,2053 4026,2048 3936,2048 3847,2048 3757,2048 3667,2048 3578,2048 3488,2048 3399,2042 3309,2042 3219,2036 3130,2030 3040,2030"/>
                <Baseline points="3040,2025 3130,2025 3219,2031 3309,2037 3399,2037 3488,2043 3578,2043 3667,2043 3757,2043 3847,2043 3936,2043 4026,2043 4115,2048 4205,2043 4295,2054 4384,2048 4474,2048 4563,2048 4653,2048 4743,2048 4832,2054 4922,2054 5011,2054 5101,2054 5191,2054 5280,2054 5370,2060 5388,2060"/>
                <TextEquiv>
                    <Unicode>jom, &amp; ses avantages sont rendus, si prol-</Unicode>
                </TextEquiv>
            </TextLine>
            <TextLine id="tr_3_tl_6" custom="readingOrder {index:5;}">
                <Coords points="3046,2111 3136,2105 3225,2105 3315,2105 3405,2111 3494,2111 3584,2111 3673,2111 3763,2111 3853,2111 3942,2111 4032,2111 4121,2117 4211,2123 4301,2129 4390,2123 4480,2123 4569,2129 4659,2129 4749,2135 4838,2135 4928,2129 5017,2129 5107,2129 5197,2123 5286,2117 5370,2117 5370,2167 5286,2167 5197,2173 5107,2179 5017,2179 4928,2179 4838,2185 4749,2185 4659,2179 4569,2179 4480,2173 4390,2173 4301,2179 4211,2173 4121,2167 4032,2161 3942,2161 3853,2161 3763,2161 3673,2161 3584,2161 3494,2161 3405,2161 3315,2155 3225,2155 3136,2155 3046,2161"/>
                <Baseline points="3046,2156 3136,2150 3225,2150 3315,2150 3405,2156 3494,2156 3584,2156 3673,2156 3763,2156 3853,2156 3942,2156 4032,2156 4121,2162 4211,2168 4301,2174 4390,2168 4480,2168 4569,2174 4659,2174 4749,2180 4838,2180 4928,2174 5017,2174 5107,2174 5197,2168 5286,2162 5370,2162"/>
                <TextEquiv>
                    <Unicode>pables qu'il faut le plus grand aveu-</Unicode>
                </TextEquiv>
            </TextLine>
            <TextLine id="tr_3_tl_7" custom="readingOrder {index:6;}">
                <Coords points="3040,2219 3130,2219 3219,2219 3309,2225 3399,2230 3488,2230 3578,2236 3667,2225 3757,2225 3847,2225 3936,2230 4026,2230 4115,2242 4205,2242 4295,2248 4384,2248 4474,2254 4563,2254 4653,2254 4743,2254 4832,2254 4922,2254 5011,2248 5101,2242 5191,2242 5280,2248 5310,2248 5310,2298 5280,2298 5191,2292 5101,2292 5011,2298 4922,2304 4832,2304 4743,2304 4653,2304 4563,2304 4474,2304 4384,2298 4295,2298 4205,2292 4115,2292 4026,2280 3936,2280 3847,2275 3757,2275 3667,2275 3578,2286 3488,2280 3399,2280 3309,2275 3219,2269 3130,2269 3040,2269"/>
                <Baseline points="3040,2264 3130,2264 3219,2264 3309,2270 3399,2275 3488,2275 3578,2281 3667,2270 3757,2270 3847,2270 3936,2275 4026,2275 4115,2287 4205,2287 4295,2293 4384,2293 4474,2299 4563,2299 4653,2299 4743,2299 4832,2299 4922,2299 5011,2293 5101,2287 5191,2287 5280,2293 5310,2293"/>
                <TextEquiv>
                    <Unicode>glement, ou la plus grande corrup-</Unicode>
                </TextEquiv>
            </TextLine>
            <TextLine id="tr_3_tl_8" custom="readingOrder {index:7;}">
                <Coords points="3100,2326 3189,2338 3279,2344 3369,2356 3458,2362 3548,2356 3638,2356 3727,2356 3817,2362 3906,2362 3996,2362 4086,2368 4175,2368 4265,2374 4354,2374 4444,2368 4534,2374 4623,2380 4713,2374 4802,2374 4892,2374 4982,2374 5071,2380 5161,2374 5250,2374 5340,2374 5358,2368 5358,2418 5340,2424 5250,2424 5161,2424 5071,2430 4982,2424 4892,2424 4802,2424 4713,2424 4623,2430 4534,2424 4444,2418 4354,2424 4265,2424 4175,2418 4086,2418 3996,2412 3906,2412 3817,2412 3727,2406 3638,2406 3548,2406 3458,2412 3369,2406 3279,2394 3189,2388 3100,2376"/>
                <Baseline points="3100,2371 3189,2383 3279,2389 3369,2401 3458,2407 3548,2401 3638,2401 3727,2401 3817,2407 3906,2407 3996,2407 4086,2413 4175,2413 4265,2419 4354,2419 4444,2413 4534,2419 4623,2425 4713,2419 4802,2419 4892,2419 4982,2419 5071,2425 5161,2419 5250,2419 5340,2419 5358,2413"/>
                <TextEquiv>
                    <Unicode>tion, pour ne pas voir &amp; sentir que </Unicode>
                </TextEquiv>
            </TextLine>
            <TextLine id="tr_3_tl_9" custom="readingOrder {index:8;}">
                <Coords points="3016,2446 3106,2452 3195,2458 3285,2469 3375,2475 3464,2475 3554,2481 3643,2475 3733,2481 3823,2481 3912,2481 4002,2481 4092,2487 4181,2487 4271,2487 4360,2487 4450,2487 4540,2493 4629,2493 4719,2493 4808,2493 4898,2493 4988,2493 5077,2493 5167,2493 5256,2499 5346,2505 5370,2505 5370,2555 5346,2555 5256,2549 5167,2543 5077,2543 4988,2543 4898,2543 4808,2543 4719,2543 4629,2543 4540,2543 4450,2537 4360,2537 4271,2537 4181,2537 4092,2537 4002,2531 3912,2531 3823,2531 3733,2531 3643,2525 3554,2531 3464,2525 3375,2525 3285,2519 3195,2508 3106,2502 3016,2496"/>
                <Baseline points="3016,2491 3106,2497 3195,2503 3285,2514 3375,2520 3464,2520 3554,2526 3643,2520 3733,2526 3823,2526 3912,2526 4002,2526 4092,2532 4181,2532 4271,2532 4360,2532 4450,2532 4540,2538 4629,2538 4719,2538 4808,2538 4898,2538 4988,2538 5077,2538 5167,2538 5256,2544 5346,2550 5370,2550"/>
                <TextEquiv>
                    <Unicode>l'homme vertueux est le seul heureux </Unicode>
                </TextEquiv>
            </TextLine>
            <TextLine id="tr_3_tl_10" custom="readingOrder {index:9;}">
                <Coords points="3034,2565 3124,2577 3213,2589 3303,2589 3393,2595 3482,2595 3572,2595 3661,2601 3751,2601 3841,2601 3930,2601 4020,2601 4109,2607 4199,2607 4289,2613 4378,2613 4468,2613 4557,2613 4647,2619 4737,2613 4826,2619 4916,2613 5006,2613 5095,2613 5185,2613 5274,2613 5364,2613 5412,2619 5412,2669 5364,2663 5274,2663 5185,2663 5095,2663 5006,2663 4916,2663 4826,2669 4737,2663 4647,2669 4557,2663 4468,2663 4378,2663 4289,2663 4199,2657 4109,2657 4020,2651 3930,2651 3841,2651 3751,2651 3661,2651 3572,2645 3482,2645 3393,2645 3303,2639 3213,2639 3124,2627 3034,2615"/>
                <Baseline points="3034,2610 3124,2622 3213,2634 3303,2634 3393,2640 3482,2640 3572,2640 3661,2646 3751,2646 3841,2646 3930,2646 4020,2646 4109,2652 4199,2652 4289,2658 4378,2658 4468,2658 4557,2658 4647,2664 4737,2658 4826,2664 4916,2658 5006,2658 5095,2658 5185,2658 5274,2658 5364,2658 5412,2664"/>
                <TextEquiv>
                    <Unicode>&amp; que le bonheur de la société est propor</Unicode>
                </TextEquiv>
            </TextLine>
            <TextEquiv>
                <Unicode></Unicode>
            </TextEquiv>
        </TextRegion>
        <TextRegion id="tr_7" custom="readingOrder {index:5;}">
            <Coords points="3022,2697 5382,2697 5382,3415 3022,3415"/>
            <TextLine id="tr_7_tl_1" custom="readingOrder {index:0;}">
                <Coords points="3070,2702 3160,2702 3249,2708 3339,2714 3428,2720 3518,2720 3608,2720 3697,2726 3787,2726 3876,2732 3966,2732 4056,2738 4145,2738 4235,2732 4324,2738 4414,2738 4504,2738 4593,2738 4683,2732 4773,2732 4862,2732 4952,2732 5041,2732 5131,2732 5221,2732 5310,2732 5382,2738 5382,2788 5310,2782 5221,2782 5131,2782 5041,2782 4952,2782 4862,2782 4773,2782 4683,2782 4593,2788 4504,2788 4414,2788 4324,2788 4235,2782 4145,2788 4056,2788 3966,2782 3876,2782 3787,2776 3697,2776 3608,2770 3518,2770 3428,2770 3339,2764 3249,2758 3160,2752 3070,2752"/>
                <Baseline points="3070,2747 3160,2747 3249,2753 3339,2759 3428,2765 3518,2765 3608,2765 3697,2771 3787,2771 3876,2777 3966,2777 4056,2783 4145,2783 4235,2777 4324,2783 4414,2783 4504,2783 4593,2783 4683,2777 4773,2777 4862,2777 4952,2777 5041,2777 5131,2777 5221,2777 5310,2777 5382,2783"/>
                <TextEquiv>
                    <Unicode>tionné. un nombre des vertu qui y fleu-</Unicode>
                </TextEquiv>
            </TextLine>
            <TextLine id="tr_7_tl_2" custom="readingOrder {index:1;}">
                <Coords points="3022,2810 3112,2816 3201,2816 3291,2822 3381,2840 3434,2846 3434,2896 3381,2890 3291,2872 3201,2866 3112,2866 3022,2860"/>
                <Baseline points="3022,2855 3112,2861 3201,2861 3291,2867 3381,2885 3434,2891"/>
                <TextEquiv>
                    <Unicode>rissent ; </Unicode>
                </TextEquiv>
            </TextLine>
            <TextLine id="tr_7_tl_3" custom="readingOrder {index:2;}">
                <Coords points="3112,2923 3201,2929 3291,2941 3381,2941 3470,2941 3560,2947 3649,2947 3739,2947 3829,2941 3918,2947 4008,2953 4097,2953 4187,2959 4277,2965 4366,2959 4456,2965 4546,2965 4635,2965 4725,2971 4814,2965 4904,2977 4904,3027 4814,3015 4725,3021 4635,3015 4546,3015 4456,3015 4366,3009 4277,3015 4187,3009 4097,3003 4008,3003 3918,2997 3829,2991 3739,2997 3649,2997 3560,2997 3470,2991 3381,2991 3291,2991 3201,2979 3112,2973"/>
                <Baseline points="3112,2968 3201,2974 3291,2986 3381,2986 3470,2986 3560,2992 3649,2992 3739,2992 3829,2986 3918,2992 4008,2998 4097,2998 4187,3004 4277,3010 4366,3004 4456,3010 4546,3010 4635,3010 4725,3016 4814,3010 4904,3022"/>
                <TextEquiv>
                    <Unicode>Consem n° 86 saml. 3 mars 1787</Unicode>
                </TextEquiv>
            </TextLine>
            <TextLine id="tr_7_tl_4" custom="readingOrder {index:3;}">
                <Coords points="3321,3079 3411,3079 3500,3085 3590,3091 3679,3091 3769,3091 3859,3091 3948,3097 4038,3103 4127,3103 4217,3103 4307,3103 4396,3103 4486,3103 4575,3103 4665,3109 4755,3115 4844,3109 4934,3109 5023,3109 5113,3115 5203,3115 5292,3109 5316,3109 5316,3159 5292,3159 5203,3165 5113,3165 5023,3159 4934,3159 4844,3159 4755,3165 4665,3159 4575,3153 4486,3153 4396,3153 4307,3153 4217,3153 4127,3153 4038,3153 3948,3147 3859,3141 3769,3141 3679,3141 3590,3141 3500,3135 3411,3129 3321,3129"/>
                <Baseline points="3321,3124 3411,3124 3500,3130 3590,3136 3679,3136 3769,3136 3859,3136 3948,3142 4038,3148 4127,3148 4217,3148 4307,3148 4396,3148 4486,3148 4575,3148 4665,3154 4755,3160 4844,3154 4934,3154 5023,3154 5113,3160 5203,3160 5292,3154 5316,3154"/>
                <TextEquiv>
                    <Unicode>Sur la nature, les espèces &amp; les cames </Unicode>
                </TextEquiv>
            </TextLine>
            <TextLine id="tr_7_tl_5" custom="readingOrder {index:4;}">
                <Coords points="3243,3186 3333,3192 3422,3198 3512,3198 3602,3204 3691,3210 3781,3210 3870,3210 3960,3210 4050,3216 4139,3222 4229,3228 4319,3234 4408,3240 4498,3240 4587,3240 4677,3246 4767,3240 4856,3240 4946,3240 5035,3234 5125,3234 5215,3234 5304,3234 5346,3234 5346,3284 5304,3284 5215,3284 5125,3284 5035,3284 4946,3290 4856,3290 4767,3290 4677,3296 4587,3290 4498,3290 4408,3290 4319,3284 4229,3278 4139,3272 4050,3266 3960,3260 3870,3260 3781,3260 3691,3260 3602,3254 3512,3248 3422,3248 3333,3242 3243,3236"/>
                <Baseline points="3243,3231 3333,3237 3422,3243 3512,3243 3602,3249 3691,3255 3781,3255 3870,3255 3960,3255 4050,3261 4139,3267 4229,3273 4319,3279 4408,3285 4498,3285 4587,3285 4677,3291 4767,3285 4856,3285 4946,3285 5035,3279 5125,3279 5215,3279 5304,3279 5346,3279"/>
                <TextEquiv>
                    <Unicode>de la demance par Thomas Chuard </Unicode>
                </TextEquiv>
            </TextLine>
            <TextLine id="tr_7_tl_6" custom="readingOrder {index:5;}">
                <Coords points="3273,3312 3363,3318 3452,3318 3542,3324 3632,3324 3721,3330 3811,3336 3900,3342 3990,3342 4080,3342 4169,3354 4259,3348 4348,3348 4438,3348 4528,3354 4617,3360 4617,3410 4528,3404 4438,3398 4348,3398 4259,3398 4169,3404 4080,3392 3990,3392 3900,3392 3811,3386 3721,3380 3632,3374 3542,3374 3452,3368 3363,3368 3273,3362"/>
                <Baseline points="3273,3357 3363,3363 3452,3363 3542,3369 3632,3369 3721,3375 3811,3381 3900,3387 3990,3387 4080,3387 4169,3399 4259,3393 4348,3393 4438,3393 4528,3399 4617,3405"/>
                <TextEquiv>
                    <Unicode>medecin 2 Vol. in 8, </Unicode>
                </TextEquiv>
            </TextLine>
            <TextEquiv>
                <Unicode></Unicode>
            </TextEquiv>
        </TextRegion>
        <TextRegion id="tr_5" custom="readingOrder {index:6;}">
            <Coords points="3112,3420 5346,3420 5346,4412 3112,4412"/>
            <TextLine id="tr_5_tl_1" custom="readingOrder {index:0;}">
                <Coords points="3184,3431 3273,3425 3363,3431 3452,3437 3542,3443 3632,3449 3721,3449 3811,3455 3900,3461 3990,3467 4080,3473 4169,3479 4259,3479 4348,3479 4438,3479 4528,3479 4617,3479 4707,3479 4796,3479 4886,3479 4976,3479 5065,3479 5155,3473 5244,3479 5316,3479 5316,3529 5244,3529 5155,3523 5065,3529 4976,3529 4886,3529 4796,3529 4707,3529 4617,3529 4528,3529 4438,3529 4348,3529 4259,3529 4169,3529 4080,3523 3990,3517 3900,3511 3811,3505 3721,3499 3632,3499 3542,3493 3452,3487 3363,3481 3273,3475 3184,3481"/>
                <Baseline points="3184,3476 3273,3470 3363,3476 3452,3482 3542,3488 3632,3494 3721,3494 3811,3500 3900,3506 3990,3512 4080,3518 4169,3524 4259,3524 4348,3524 4438,3524 4528,3524 4617,3524 4707,3524 4796,3524 4886,3524 4976,3524 5065,3524 5155,3518 5244,3524 5316,3524"/>
                <TextEquiv>
                    <Unicode>pl. 354 je me bonnerai à frappe au sui</Unicode>
                </TextEquiv>
            </TextLine>
            <TextLine id="tr_5_tl_2" custom="readingOrder {index:1;}">
                <Coords points="3237,3527 3327,3539 3416,3545 3506,3551 3596,3545 3596,3595 3506,3601 3416,3595 3327,3589 3237,3577"/>
                <Baseline points="3237,3572 3327,3584 3416,3590 3506,3596 3596,3590"/>
                <TextEquiv>
                    <Unicode>vant</Unicode>
                </TextEquiv>
            </TextLine>
            <TextLine id="tr_5_tl_3" custom="readingOrder {index:2;}">
                <Coords points="3160,3628 3249,3628 3339,3640 3428,3640 3518,3646 3608,3640 3697,3646 3787,3646 3876,3646 3966,3652 4056,3652 4145,3658 4235,3658 4324,3658 4414,3664 4504,3670 4593,3670 4683,3664 4773,3664 4862,3670 4952,3664 5041,3664 5131,3670 5221,3664 5310,3670 5346,3670 5346,3720 5310,3720 5221,3714 5131,3720 5041,3714 4952,3714 4862,3720 4773,3714 4683,3714 4593,3720 4504,3720 4414,3714 4324,3708 4235,3708 4145,3708 4056,3702 3966,3702 3876,3696 3787,3696 3697,3696 3608,3690 3518,3696 3428,3690 3339,3690 3249,3678 3160,3678"/>
                <Baseline points="3160,3673 3249,3673 3339,3685 3428,3685 3518,3691 3608,3685 3697,3691 3787,3691 3876,3691 3966,3697 4056,3697 4145,3703 4235,3703 4324,3703 4414,3709 4504,3715 4593,3715 4683,3709 4773,3709 4862,3715 4952,3709 5041,3709 5131,3715 5221,3709 5310,3715 5346,3715"/>
                <TextEquiv>
                    <Unicode>1. modération dans le manger, le boire</Unicode>
                </TextEquiv>
            </TextLine>
            <TextLine id="tr_5_tl_4" custom="readingOrder {index:3;}">
                <Coords points="3172,3742 3261,3748 3351,3754 3440,3760 3530,3766 3620,3760 3709,3760 3799,3772 3888,3766 3978,3772 4068,3772 4157,3784 4247,3790 4336,3790 4426,3796 4516,3796 4605,3796 4695,3796 4784,3796 4874,3796 4964,3796 5053,3796 5143,3802 5155,3802 5155,3852 5143,3852 5053,3846 4964,3846 4874,3846 4784,3846 4695,3846 4605,3846 4516,3846 4426,3846 4336,3840 4247,3840 4157,3834 4068,3822 3978,3822 3888,3816 3799,3822 3709,3810 3620,3810 3530,3816 3440,3810 3351,3804 3261,3798 3172,3792"/>
                <Baseline points="3172,3787 3261,3793 3351,3799 3440,3805 3530,3811 3620,3805 3709,3805 3799,3817 3888,3811 3978,3817 4068,3817 4157,3829 4247,3835 4336,3835 4426,3841 4516,3841 4605,3841 4695,3841 4784,3841 4874,3841 4964,3841 5053,3841 5143,3847 5155,3847"/>
                <TextEquiv>
                    <Unicode>le sommeil, &amp; le plaisir charnel,</Unicode>
                </TextEquiv>
            </TextLine>
            <TextLine id="tr_5_tl_5" custom="readingOrder {index:4;}">
                <Coords points="3524,3825 3614,3820 3703,3825 3793,3831 3882,3825 3972,3837 4062,3843 4115,3849 4115,3899 4062,3893 3972,3887 3882,3875 3793,3881 3703,3875 3614,3870 3524,3875"/>
                <Baseline points="3524,3870 3614,3865 3703,3870 3793,3876 3882,3870 3972,3882 4062,3888 4115,3894"/>
                <TextEquiv>
                    <Unicode>2 Exercice</Unicode>
                </TextEquiv>
            </TextLine>
            <TextLine id="tr_5_tl_6" custom="readingOrder {index:5;}">
                <Coords points="3124,3891 3213,3879 3303,3873 3393,3873 3482,3879 3572,3879 3661,3891 3751,3897 3841,3897 3930,3891 4020,3903 4109,3909 4199,3909 4289,3915 4378,3915 4468,3915 4557,3915 4647,3915 4737,3915 4826,3915 4916,3915 5006,3915 5095,3915 5185,3915 5244,3915 5244,3965 5185,3965 5095,3965 5006,3965 4916,3965 4826,3965 4737,3965 4647,3965 4557,3965 4468,3965 4378,3965 4289,3965 4199,3959 4109,3959 4020,3953 3930,3941 3841,3947 3751,3947 3661,3941 3572,3929 3482,3929 3393,3923 3303,3923 3213,3929 3124,3941"/>
                <Baseline points="3124,3936 3213,3924 3303,3918 3393,3918 3482,3924 3572,3924 3661,3936 3751,3942 3841,3942 3930,3936 4020,3948 4109,3954 4199,3954 4289,3960 4378,3960 4468,3960 4557,3960 4647,3960 4737,3960 4826,3960 4916,3960 5006,3960 5095,3960 5185,3960 5244,3960"/>
                <TextEquiv>
                    <Unicode>3 : avoir sur ses passion un empire</Unicode>
                </TextEquiv>
            </TextLine>
            <TextLine id="tr_5_tl_7" custom="readingOrder {index:6;}">
                <Coords points="3189,3981 3255,3981 3345,3981 3434,3987 3524,3993 3614,3999 3703,3999 3793,3993 3882,3975 3882,4025 3793,4043 3703,4049 3614,4049 3524,4043 3434,4037 3345,4031 3255,4031 3189,4031"/>
                <Baseline points="3189,4026 3255,4026 3345,4026 3434,4032 3524,4038 3614,4044 3703,4044 3793,4038 3882,4020"/>
                <TextEquiv>
                    <Unicode>convenable</Unicode>
                </TextEquiv>
            </TextLine>
            <TextLine id="tr_5_tl_8" custom="readingOrder {index:7;}">
                <Coords points="3172,4082 3261,4094 3351,4100 3440,4106 3530,4106 3620,4112 3709,4112 3799,4112 3888,4106 3978,4112 4068,4112 4157,4106 4247,4112 4336,4118 4426,4124 4516,4124 4605,4124 4695,4118 4784,4118 4874,4118 4964,4118 5053,4124 5059,4124 5059,4174 5053,4174 4964,4168 4874,4168 4784,4168 4695,4168 4605,4174 4516,4174 4426,4174 4336,4168 4247,4162 4157,4156 4068,4162 3978,4162 3888,4156 3799,4162 3709,4162 3620,4162 3530,4156 3440,4156 3351,4150 3261,4144 3172,4132"/>
                <Baseline points="3172,4127 3261,4139 3351,4145 3440,4151 3530,4151 3620,4157 3709,4157 3799,4157 3888,4151 3978,4157 4068,4157 4157,4151 4247,4157 4336,4163 4426,4169 4516,4169 4605,4169 4695,4163 4784,4163 4874,4163 4964,4163 5053,4169 5059,4169"/>
                <TextEquiv>
                    <Unicode>4 &amp; aller sur son imagination</Unicode>
                </TextEquiv>
            </TextLine>
            <TextLine id="tr_5_tl_9" custom="readingOrder {index:8;}">
                <Coords points="3166,4214 3255,4214 3345,4220 3434,4226 3524,4232 3614,4232 3703,4238 3793,4238 3882,4238 3972,4238 4062,4232 4151,4232 4241,4232 4330,4238 4420,4238 4510,4238 4599,4232 4689,4226 4779,4226 4868,4226 4958,4226 5047,4226 5095,4226 5095,4276 5047,4276 4958,4276 4868,4276 4779,4276 4689,4276 4599,4282 4510,4288 4420,4288 4330,4288 4241,4282 4151,4282 4062,4282 3972,4288 3882,4288 3793,4288 3703,4288 3614,4282 3524,4282 3434,4276 3345,4270 3255,4264 3166,4264"/>
                <Baseline points="3166,4259 3255,4259 3345,4265 3434,4271 3524,4277 3614,4277 3703,4283 3793,4283 3882,4283 3972,4283 4062,4277 4151,4277 4241,4277 4330,4283 4420,4283 4510,4283 4599,4277 4689,4271 4779,4271 4868,4271 4958,4271 5047,4271 5095,4271"/>
                <TextEquiv>
                    <Unicode>&amp; avoir soir d'en reprimant toujours </Unicode>
                </TextEquiv>
            </TextLine>
            <TextLine id="tr_5_tl_10" custom="readingOrder {index:9;}">
                <Coords points="3112,4339 3201,4345 3291,4345 3381,4345 3470,4351 3560,4351 3649,4351 3739,4351 3829,4357 3918,4351 4008,4351 4097,4345 4187,4339 4277,4345 4366,4345 4456,4345 4540,4351 4540,4401 4456,4395 4366,4395 4277,4395 4187,4389 4097,4395 4008,4401 3918,4401 3829,4407 3739,4401 3649,4401 3560,4401 3470,4401 3381,4395 3291,4395 3201,4395 3112,4389"/>
                <Baseline points="3112,4384 3201,4390 3291,4390 3381,4390 3470,4396 3560,4396 3649,4396 3739,4396 3829,4402 3918,4396 4008,4396 4097,4390 4187,4384 4277,4390 4366,4390 4456,4390 4540,4396"/>
                <TextEquiv>
                    <Unicode>la trop grande activité; </Unicode>
                </TextEquiv>
            </TextLine>
            <TextEquiv>
                <Unicode></Unicode>
            </TextEquiv>
        </TextRegion>
    </Page>
</PcGts>
