4562 3294
361 207 486 333 10
426 250 2106 503 Samedi 29:,, Payé au Sergent Cavain
456 413 2093 619 pr 20℥ Beurre à fondre à 3 batz;
455 548 1861 744 1/2 Crutz le Livre; = L. 6:5:
512 691 1436 900 Quittance; du dit;
574 820 1743 1026 Marion Sechaud = 1j.
456 944 2136 1140 M. Durand 2 h St. françois Pseaume
433 1097 2147 1282 112 2 O que bien heureux est l'homme
462 1233 2071 1438 qui craint l'Eternel – marche dans
475 1356 2117 1529 ses voyes, 2 Parties. 1° Sentiment de
452 1475 2107 1661 crainte ; bonne ceuvres ; 2 heureux dans
465 1598 2060 1747 sa vie, dans sa mort & dant la vie
524 1700 1785 1856 avenir, Aumones = 4 sols;
420 1813 1720 2006 Billet de Mlle D–e répondu
466 1920 1546 2129 Jean Pierre Regamey
480 2016 2167 2261 signe un engagement à paraitre 2 9bre
449 2156 2162 2339 Beau soleil tout le jour Nord-est
501 2282 1931 2436 Calme Chaleur Bar. 26/2
563 2418 1067 2596 Therm: 15
2470 208 4128 385 Dim: 30 Mr. de Bottens 8h. St.
4139 221 4270 319 11
2451 347 4147 571 françois, Actes XIV &14 & 15: Mais les
2464 462 4096 691 Apôtres appris ce qui se passoit & c;
2489 606 3899 769 3 Parties; Aumone = 4 sols;
2476 716 4189 940 A Paul Bertin Pragelat pour 8 onces
2456 871 3975 1077 1/2 filoséle préparée; = 12 sols,
2472 996 4118 1193 A Marion Sechaud 6j. = L. 2: 8:,,
2478 1135 3640 1309 Mirabelles de Vernand;
2420 1257 4223 1461 Blarhamberg fait rapport qu'il sera
2497 1401 4196 1575 soumis & qu'il est condamné à tout;
2485 1506 4201 1703 à la 2de Comparoissance du jeudi 27.,,
2467 1589 4257 1807 Mr. L. Porta fait des complimens de la
2462 1738 4291 1926 part de Mr. le Com: General qui en con-
2490 1847 4288 1996 tent de mes mémoires de mon activité
2491 1961 4216 2122 l'absence de Mr. le Trésorier en cause
2499 2077 2948 2205 du delai.
2517 2109 3962 2361 Mr. Chavanne 2h: St. François;
2505 2262 4131 2465 Ephasiens V. & 2. Et marchez dans la
2529 2380 4245 2561 charité à l'exemple de J.X; 2 parties
2528 2505 4091 2698 1° L'exemple de notre seigneur qui
2538 2596 4076 2810 sest livré lui-même pour nous; II
