5402 4375
550 255 632 302 55
536 294 2632 367 au sujet d'une Bataille avec Grande
516 412 2648 524 Joutens 8 heures du soir Dimanche 26
502 536 2548 678 Fevrier; Jean Béanchard a eu 5
512 676 2704 810 blessures à la tête qui n'ont pas été dan-
514 856 1638 958 gereuses; Gatis
504 1002 2496 1122 Remis à Susanne Galand pour
534 1132 2572 1272 faire 2 Chemises; 6 Aunes toile
538 1281 2602 1413 Pour la Garniture en Baptiste = 1/2
576 1441 988 1547 Aune
508 1526 2504 1670 A la Grangere Blanchard payé
540 1656 2718 1812 29 soupes pour les Charpentiers; = 15 sols,
540 1818 1746 1948 point de Quittance;
518 1958 2418 2106 Taillé la Pépiniere du Parterre;
500 2088 2480 2244 de même le sentier du milieu, Conservé
548 2258 1364 2376 plusieurs greffes;
500 2354 2288 2530 Bise le matin; Vent sud-ouest, sud,
580 2496 2484 2649 le lac agité, Beau soleil par inter-
496 2650 2176 2769 ¨valles, Bar. 25/8: Therm. 5 1/4
456 2820 2604 2918 Le Cap. Liardet informe qu'il s'est fait un
460 2948 2544 3052 éboulement sur la Vigne de Belmont
492 3074 2472 3188 & qu'il seroit nécessaire de borner dans
538 3199 2520 3309 cet endroit pour savoir qui aura la
518 3330 826 3421 terre ;
504 3412 2648 3530 Dim: 5 : Mr. Chavannes 9h. à la Cité
472 3533 2648 3667 Romaine XII & 21, Ne te laisse pas surmon-
448 3661 2680 3791 ter par le mal, mais surmonte le mal par
484 3798 2588 3928 le bien; Prouver que la bénéficence pour
492 3928 2540 4056 dire le pardon des injures, produit un plus
4922 222 5080 321 56
2960 250 4716 364 grand effet que la vengeance, 1°
2988 353 5030 506 on se venge pour montré qu'on est plus
2962 500 4940 655 fort ; 2, pour confondre l'adversaire
2940 618 4984 807 3 pour le punir & le contraindre de se
2960 746 5098 961 corriger, 4° pour ne se voir plus dans le
2908 878 4962 1097 cas d'être insulté. Aumone; = 6 sols
2896 1026 5074 1243 Comme on indiquoit le Texte, une femme
2918 1174 4962 1375 a pris mal & fait des cris affreux, elle
2928 1362 4588 1527 s'est rendue & s'en est allé soule-,
2922 1554 3134 1659 C'est
2872 1645 4766 1782 Le Justicier Couvert de Neufchatel
2920 1749 4936 1890 me remet de la part de Pierre Crepin
2936 1859 5096 2019 52 batz 1/2 que j'avois avancé pour le faire
2900 1988 5132 2146 citer au 31 8bre à Berne; point de quittance
2876 2116 4976 2295 Le dit demande communication de la sen-
2896 2244 4982 2421 tence, & désireroit qu'il lui fut indiqué
2920 2422 4492 2551 un moyen de s'en relever. #
2892 2563 5104 2694 Vendu à la Veuve Dentan née Liotard
2892 2691 5000 2828 le Froment de Vacherens à 20 batz le
2944 2816 4924 2959 Quart. plus 26 g du Taulard à 21
3022 2990 4440 3099 batz, elle payera d'abord;
2892 3074 5138 3247 Remis à Mr. Auboin 8 especes de beaux
2908 3288 3256 3371 plans;
2908 3365 5120 3473 Girouette au Vent d'ouest, pluye le ma-
2912 3474 5088 3606 tin, nuageux & un peu de soleil à midi
2942 3671 4364 3758 Bar. 25/7. Therm 5/0:,,
2994 3771 5002 3896 # Samuel Crépin à copié la Sentence
3024 3898 4696 4031 du 31 8bre j'y mets le sceau;
