5584 4914
426 381 566 464 36
566 379 2700 472 Dénonciation contre Pierre Marc Gay de
454 483 2360 603 Lutry par Pierre Samuel Corbaz de
532 623 2674 727 Belizonne qu'il l'avait surpris le 4 Juillet
462 745 2496 849 sortant de leurs bois avec un Fagot de
434 863 2472 963 plantes de Sapin; il ne peut être arrêté
438 979 2630 1079 par ce qu'il fesoit des menaces de lui couper
448 1097 2610 1209 un bras; Altes le P. Blanc Secret.re de la
402 1215 1716 1327 Commune, 5 juillet 1771;,,
424 1336 2702 1447 Comité des grains 1h. de relevée = 9:,, on a
428 1448 2688 1563 fait des calculs sur la Vente, il est rentré
464 1567 2636 1681 actuellement 33 mille francs, = 1350 ; sacs
488 1683 1078 1799 à peu près;
548 1803 2552 1907 Mort du Secrétaire Mennet à la suite
456 1911 2334 2017 d'une longue maladie âgé de 68 ans,
438 2033 2700 2159 Couvert tout le jour, Girouette au Vent, calme
436 2155 2604 2301 le tems, fraichit à 6h. du soir, Bar. 26/3:
412 2279 1030 2407 Therm : 13 1/2
430 2405 2686 2533 Lundi 22: Le Secrétaire De Illens passe l'Acte
398 2515 2650 2655 de l'ottroi de passage dans la Maison de Mr. de
410 2650 2662 2770 Mesery que nous lui avons vendue: pour le jour,
414 2776 2434 2876 nous & nos domestiques, notre vie durant;
390 2885 2694 3001 On y ajoute le droit de servitude pour la colisse
438 3007 2520 3129 des égouts de notre Maison d'habitation,
418 3125 2626 3261 avec une énumeration de tous les interessés à
402 3239 2536 3383 cette colisse, afin de leur faire des appels,
386 3351 2668 3503 pour concourir aux réparations au prorata.
418 3471 2594 3645 De Illens croit devoir prétendre à la Charge
414 3582 1760 3731 de Secrétaire de la Justice;
372 3721 2528 3872 Boisot vient aussi informer pour son neveu
420 3817 1774 3960 N. Mennet fils du défunt;
394 3924 2560 4105 Lettre de mon frere Kircheim 14 juillet; il men-
398 4035 2718 4228 tionne un envoi d'herm:- de diverses pièces contre
400 4162 2670 4345 B-e Buchet que j'ai persécutée injustement
422 4270 2590 4455 à ce qu'il dit; le procès ne vient que de là;
454 4377 2602 4555 on m'aurait laissé tranquille, si je l'avais
500 4475 1326 4591 été moi-même;
5066 289 5214 387 37
2894 393 5158 470 Commission pour 4 Vacherins, & 36 langues
2882 509 5140 605 un fromage pour Kircheim, & 1 pour la
2828 637 4912 749 Haye; Accident a l'oeil d'une chûte;
2896 765 5102 875 Mr le Blf. recoit une Lettre de Mr. l'Ad-
2892 905 4544 993 voyer Sinner, de Frauenfeld le
2882 1021 5076 1111 Très cher & très Honoré Patron; Envoi d'un
2868 1135 5178 1243 Mémoire remis par Mr. l'Ambassadeur, concer-
2894 1267 5112 1371 nant un de Clavel de Sepey absent du Pays
2886 1395 5032 1493 depuis l'âge de 11 ans, marié en Picardie,
2880 1517 5126 1617 ayant quatre Enfant, lequel réclame sa lé-
2876 1635 3268 1719 gitime;
2866 1741 5076 1833 Hem Copie de Lettre remise à Son Excellence
2852 1855 5080 1963 par Mr de Barch Bourgmetre de Bâle
2848 1967 5036 2099 adressée le 8 Mars 1771 par Verdeil le fils à
2842 2104 5216 2212 Mr. Verdt Mann frere du jeune homme qui avec
2850 2209 5030 2330 un enfant de la fille. Verdeil; Cette lettre est
2806 2327 4998 2457 fort menacante & annonce une vengeance;
2834 2443 5196 2579 ce qui donne beaucoup d'inquiétude aux Parens
2852 2571 5144 2713 VerdtMann; C'est une démarche particuliere
2862 2683 5024 2833 avant qu'il y ait plainte de la part de
2842 2825 5098 2963 l'Etat; vu les Verdeil à qui je propose
2870 2939 5156 3089 de reconnaitre la Lettre & promettre les Suretés
2852 3049 5066 3219 à Mr. le Blf; l'enfant est mort, il pour.
2870 3161 5120 3348 ront consulter sur l'objet des dommages &
2868 3269 3278 3388 intérêts;
2894 3411 5084 3569 Livré à Trachsell perd 10 Sacs Avoine pr
2870 3517 5100 3683 complément de 30 Sacs que j'avais vendu
2880 3635 3622 3759 à son fils le.
4168 3730 4692 3818 pour 263:,,
2858 3771 4446 3931 Reçu pour Solde du dit
4672 3838 5026 3920 L. 103:
2930 3929 4536 4053 Bordereau – 25 Gros Ecus; = 100:
3082 4065 3726 4171 1 petit Ecu,
4416 4079 4488 4169 2
3844 4079 3864 4171 –
4620 4109 5026 4215 103:
3092 4175 3480 4273 Valeur
2942 4277 4316 4383 Vu Mr. de Chevilly, 11h.
2958 4368 5134 4533 Le Blf dit qu'il ne viendra pas au dessous de
2990 4485 3436 4601 27 batz;
