5453 4428
592 276 736 381 52
1024 278 2512 417 Notice de la Vente des Grains
638 408 822 515 1770 :
1420 454 1848 535 de 1769 :,,
2260 518 2340 615 L.
2412 528 2592 617 96 :,,
954 544 2120 633 6 N	Messel à 20 batz;
554 544 902 645 Mai 5:
2476 622 2668 728 5: 2:
1146 654 2176 753 3 quart. Faséoles à 17 batz;
2374 805 2585 889 124
972 795 2148 901 6 Sacs Froment à 26 batz;
750 806 906 905 12 :
2476 915 2540 999 5:,,
1094 921 2224 1013 3 Quart Faséoles
2380 1060 2534 1163 148
812 1070 2192 1170 19 : 6 Sacs froment à 36 batz;
2416 1183 2725 1287 16: 12:
916 1177 2168 1297 2 Sacs Avoine, à 10 batz 1/2
776 1318 896 1411 26 :
950 1328 2160 1435 9 Sac Avoine à 10 batz 1/2;
2446 1335 2712 1429 75: 12:
2452 1463 2564 1554 72:
552 1464 902 1589 Juin, 2:
964 1476 2164 1579 3 Sacs Froment à 30 batz;
2444 1593 2715 1689 19: 4:
928 1606 2036 1707 1 Sac Messel à 24 batz
2452 1731 2696 1831 25: 4:
908 1736 2052 1845 3 Sacs Avoine à 10 batz 1/2
2444 1861 2568 1960 96:
944 1879 2092 1971 4 Sacs froment à 30 batz
810 1878 936 1979 9:
2476 1989 2685 2094 8:, 8:
916 1991 2092 2105 1 Sac d'avoine à 10 batz
2428 2120 2715 2214 99: 4:
730 2132 922 2233 16:
944 2132 2190 2243 4 Sacs froment à 31 batz
2420 2250 2690 2354 58: 16:
924 2250 2100 2379 7 Sacs Avoine à 10 batz 1/2
2480 2371 2742 2474 8: 8:
780 2388 922 2487 23:
946 2396 2142 2501 1 sac Avoine à 10 batz 1/2
2428 2520 2687 2620 24:,, 4:
980 2538 2252 2639 8 Quart. Froment à 30 batz 1/4
792 2542 896 2640 30 :
2410 2675 2714 2779 18:,, 6:
932 2670 1956 2785 6 ℥ froment à 30 batz 1/2
2402 2814 2772 2911 73:,, 10:,,
884 2826 2202 2925 3 Sacs 4 ℥ Messel à 26 batz 1/4
612 2984 2260 3131 Mars 8 : Vente de la Dîme de Vui- L.
1014 3132 1402 3211 cherens
2434 3187 2741 3271 62:,, 2:
856 3202 2062 3322 108 g Avoine à 23 Crutz
2432 3300 2714 3389 86: 8:
852 3303 2178 3449 54: g Froment à 16 batz
2436 3404 2657 3507 70:,, 4:
852 3434 2026 3586 54 : g Messel à 13 batz
2326 3572 2745 3673 1194: 4:,,
4992 252 5116 348 53
3164 284 4872 394 – Du Mecredi 26 Xbre 1770 –
3528 426 4442 526 10h avant midi:
3078 522 5016 651 On a revêlé que Louise de Martigny
2930 642 5040 759 est établie avec Abraham Jaccoud domi-
2926 764 5012 878 cilié à St-Etienne, Baniere de la Citl, depuis
2930 894 5086 1010 la St-Jean derniere; qu'elle est fréquemment
2934 1018 5010 1142 malade, ayant pris des remedes de Médecins
2938 1142 4972 1274 & en même temps s'étant fait donner des dro-
2956 1282 5056 1410 gues indiquées par de vieilles femmes, Elle
2934 1418 5036 1550 doit avoir dit que ses infirmités périodiques
2942 1556 5000 1688 lui manquaient depuis plusieurs mois, ce
2956 1686 5040 1820 qui joint à l'aspect de son corps, fait vio-
2946 1826 4916 1958 lemment suspecter qu'elle est enceinte;
2952 1946 3776 2060 tout le voisinage
2918 2113 4780 2214 A Mrs Jean Preyswerk & fils, &e &e;
2922 2219 3678 2308 fiancé Basle;
3062 2344 4732 2444 Lausanne ce Vendredi 28 Xbre 1770:,,
2902 2454 5010 2550 Mrs, J'ai votre Lettre du 12 Xbre, j'ai eu bien
2920 2548 5074 2656 du regret du retard de huit jours arrivé à l'expé-
2924 2655 4982 2760 dition des Caisses par le défaut de la poste, ma
2930 2763 4876 2862 lettre était bien partie d'ici à la date du 5:,,
2946 2877 4910 2973 On me donne avis avis en cet instant que
2928 2971 5048 3073 Mr. S. Clerc de Berne Vous a adressé fiancé
2930 3098 4274 3189 1 Tonnes et Vacherins pesant;
4604 3081 5012 3173 marqué
2932 3189 5040 3289 dont je Vous prie d'avoir soin, & que Vous vou-
2934 3310 4846 3403 drez bien acheminer le plutôt possible à
2986 3420 4976 3507 Kircheims Roland dans le Palatinat à
2960 3521 5002 3622 l'adresse de S. A. S. le Prince de Nassau Veil-
2962 3645 4906 3734 bourg, selon les directions précédentes; Vous
2956 3752 4944 3843 pourrez retirer des Agents de Mon dit Sgr
2970 3858 4208 3947 Vos frais à ces trois Pièces ;
2956 3943 5008 4045 S'il vous était commode de me faire une petite
2976 4036 5066 4150 commission, je Vous serois sensiblemenbt obligé
