5762 4555
620 252 771 420 4
1443 301 1927 489 Avril 1762:,,
519 480 2900 708 Lundi 19 :,, 200 Raport de Mr. Seigneux commis pour le procès
876 632 2832 809 avec les Regamey ; la transaction de 1675 paroit avoir
862 728 2492 886 été le fondement de la Sentence contre la Ville;
872 829 2771 978 Raport de Mr. Curtaz Commis pour le procès Saussure
865 929 2828 1085 il se plaint de ce que la Chambre de fabrique ne lui a
848 1047 2823 1160 rien passé pour un long mémoire & pour un domestique;
863 1094 2885 1288 On lui alloue un mémoire de 800 florins qui étoît sujet à
876 1207 2893 1405 presticription par l'ordonnance qui n'admet le Compte des
879 1321 2023 1484 Vacations que d'année en année;
853 1418 2848 1547 Cour B–e  à 2 heures de relevée Hemelings les Taneurs
865 1518 2851 1674 le premier produit la réponse incidente en retranchemens
858 1619 2842 1784 de faits nouveaux ils s'appointent au 2 lundi de mai pr
843 1707 1908 1884 le jugement ; Emolument;
2782 1701 2935 1872 12:,,
836 1806 2840 2007 Autre cause au sujet d'un Syphon trouvé dans le biès sur
868 1918 2835 2098 la possession Mercier; Vision de toute la Cour, l'eau le
836 2034 2866 2196 puisera dans la suite avec un sceau & la Caisse à l'usage
846 2131 1806 2266 du syphon sera détruite;
848 2207 2815 2403 Proclamation d'Etienne Corsat de Pully Voleur présumé
821 2322 2028 2506 Rosset pour 3e & dernier dilation
829 2441 2902 2624 A Mlles D–e au faublanc ; Mr le Generale veux ab-
854 2536 2914 2718 solument que la maison soit vendue, elle me charge d'aviser
858 2665 2821 2830 Mlles D–e qu'elle pousse les arranges les Princes partis;
838 2759 2653 2912 Brouti = 1j. = 103 Intes Pierre Janet, = 1 J,,
828 2878 2861 3058 Beau soleil tout le jour, Girouette à la bise, Bar. 26/8
844 2950 1824 3127 T. 12. Mr. Tolozan arrive;
841 3076 2878 3284 A l'ass. perdu à la partie de Mr. le Baillif 1 fiche aux
842 3188 2605 3362 20 sols, = 1L.,, Moitié Dalbenas, =10 sols;
495 3273 2900 3512 Mardi 20 : Cour Criminelle Francoise Blanche, l'interrogatoire en
888 3414 2938 3616 dificile, Elle n'entend pas le françois, elle est fort sourde,
879 3503 2883 3696 Elle proteste n'avoir jamais cru d'être enceinte; Remis
874 3605 2914 3796 à Vendredi à citer 4 Temoins Duninr, la Novena
860 3702 2368 3927 & son fils, la Sage femme née Miliguer;
842 3775 2857 4026 A l'ass. perdu en 3 robers aux 4 francs 3 fiches, = L12;
857 3889 1887 4049 Moitié Dalbenas = L. 6:,,
845 3991 2460 4161 Brouti = 1j. 26 Inter à la Vigne & 70 à Sechi
869 4097 2910 4281 Pierre Janet =1j,, Beau soleil tout le jour, Girouette à
848 4168 2901 4390 la bise Bar. 26&8 T. 11: Billet de Mlles D–e elles ont loué
856 4254 1583 4381 & signé Vendredi 16:
5052 254 5217 411 5
3870 308 4357 498 Avril 1762 :
2955 459 5289 671 Mercredi 21 : Lettre des frères Bardîn qui font offre de services & conti-
3226 613 4624 772 nueront le commerce de leur pere;
3217 684 5119 873 La Vache malade ; Brouti à Sechy = 1j. = 98 Inter ;
3247 797 5179 942 Pierre Janet = 1j., Beau soleil, Bar. 26/7 : T. 12 1/2.
2936 908 5295 1077 Jeudi 22 : Orphelins, le Bourg préside; Albert & D'yverdon ce
3240 1029 5363 1192 dernier lit un mémoire présentant ses prétentions aux
3217 1133 5284 1227 bijoux de la mere Albert remis à consulter les parents de
3233 1222 5243 1398 la pupille qui ont signé la transaction du 27 Mars 1760 :
3241 1324 5181 1493 Ces bijoux sont apportés consistant en 4 bagues, & sont
3242 1422 4392 1592 estimé par Desrois; = L. 200:,,
3216 1533 5273 1711 Josias Vaney tuteur d'un Vaney absent, devra passer les actes
3247 1621 4553 1806 des Ventes des fonds & rendre compte;
3218 1725 5271 1931 A l'ass. gagné en six robers 11 fiches aux 4 francs = L.44:
3218 1817 5074 2058 Cartes = 12 sols, Moitié Dalbenas 22 L. 6 sols;
3216 1945 5246 2094 Brouti = 1j. =  96 Inter blanc fendant, Pierre Janet = 1j,,
3209 2055 5172 2273 Mis en perse le n° XXXIII. 8 sept. 12 pots Rouge
3227 2150 3671 2292 Sechy 1761:,,
2936 2226 5236 2422 Vendredi 23:,, Cour Criminelle Francoise Blanche, les 4 temoins
3229 2395 5256 2566 sont ouïs; ils ne disent point qu'elle leur ai répondu Vous
3223 2488 5317 2681 pouvez examiner ; l’Oncle & les freres se présentent pour de-
3236 2592 5278 2755 mander d'être admis à prouver la supidité & imbecillité
3215 2632 5273 2854 de cette fille, On adressera 4 Mandat à Mr. de la Vaux
3231 2754 5344 2971 au Justicier Gillanon pour déclarer par écrit & à Cuenoud
3224 2851 5255 3036 & à Milique pour déclarer par devant le Châtelain lundi
3218 2964 5183 3163 26:,, Diné au Château; à l'Aff. perdu en trois robers
3221 3075 4714 3239 1 petit Ecu, Moitié Dalbenas, = L. 1.,,
3237 3180 5302 3390 Soupé chez Mr. Descloires; Janet = 1j.,, Brouti à Sechy
3241 3243 3910 3414 = 1j. = 90 Intes;
3220 3347 5226 3554 Envoi du Justicier Burnand n° XII. Beau soleil
3230 3459 5225 3691 Girouette au vent, Brise le soir, Bar. 26/7. T. 13 1/2:
2946 3543 4844 3801 Samedi 24 : foire; Lettre de Mr. de Tavel Boulleti ;
3227 3708 5125 3887 Billet de Mlle D–e qui m'invite à diner Lundi;
3193 3791 4989 4047 Remis à Sechaud à compte de Sechy 1762;
3244 3933 4364 4112 Trois sacs messel 1/2 = 28 ℥.
3242 4021 5153 4259 Pesettes Blanches 1 Coupe = 49. Sa quittance;
