6184 4614
398 356 461 416 8

678 326 806 386 Le
868 336 1124 396 Polio
1207 335 1356 395 4n
1421 330 1483 390 du
1674 312 2161 372 émorial
2268 301 2289 361 A

1392 444 1465 504 du
1554 446 1582 506 9
1687 442 1863 502 Mai
1921 436 2098 496 1754

611 536 851 596 Donne
917 547 1077 607 huit
1144 552 1276 612 sols
1344 552 1515 612 pour
1583 548 1876 608 acheter
1942 543 2008 603 de
2048 541 2102 601 la
2168 533 2540 593 chevilliere

1330 645 1468 705 du
1550 656 1653 716 dit
1723 656 1862 716 jour

629 739 724 799 On
784 742 808 802 a
878 748 1128 808 amené
1187 753 1259 813 de
1330 757 1663 817 fernant
1733 760 1804 820 un
1876 762 2161 822 chariot
2244 760 2291 820 de
2339 757 2530 817 bois.

589 875 902 935 Soleil,
954 881 1169 941 grand
1218 886 1433 946 Vent,
1467 888 1615 948 assez
1666 888 1881 948 froid,
1914 886 2262 946 barometre
2294 882 2362 942 au
2395 880 2694 940 variable.

1369 1005 1455 1065 du
1532 1012 1627 1072 et0
1678 1014 1739 1074 du
1808 1014 1945 1074 dir.

653 1106 869 1166 Reçu
947 1111 1005 1171 de
1086 1115 1241 1175 Mr.
1282 1118 1321 1178 le
1399 1121 1753 1181 Receveur
1792 1125 2144 1185 François
2205 1124 2382 1184 trois
2421 1122 2599 1182 livres

613 1200 721 1260 six
794 1211 928 1271 sols
1012 1218 1134 1278 pr.
1158 1223 1327 1283 deux
1424 1228 1605 1288 Irit.
1643 1230 1849 1290 échus
1909 1232 1993 1292 les
2054 1232 2078 1292 7
2138 1233 2272 1293 Juin
2344 1236 2540 1296 1754:

635 1320 799 1380 1752
856 1324 914 1384 de
972 1324 1031 1384 la
1101 1328 1218 1388 soc
1287 1329 1356 1389 de
1427 1331 1508 1391 82
1554 1332 1614 1392 f.
1637 1332 1660 1392 6
1741 1334 1858 1394 sols
1916 1336 2056 1396 ducs
2125 1337 2254 1397 par
2300 1340 2358 1400 le

2502 1428 2573 1488 α.

657 1435 837 1495 Veuve
889 1444 1288 1504 Caillast.

1389 1543 1462 1603 du
1534 1551 1638 1611 dit
1690 1554 1834 1614 jour

615 1661 841 1721 Violir
904 1662 929 1722 a
1003 1663 1281 1723 planté
1356 1665 1470 1725 sur
1520 1666 1570 1726 la
1645 1668 1947 1728 terrasse
1997 1671 2161 1731 dans
2223 1673 2298 1733 les
2348 1676 2550 1736 gran¬

635 1769 732 1829 des
787 1770 1065 1830 Caisses
1134 1772 1163 1832 à
1232 1774 1551 1834 compter
1620 1777 1676 1837 du
1760 1782 2065 1842 couchan
2162 1788 2272 1848 six
2315 1793 2550 1853 fiquers.

1210 1928 1268 1988 Ce
1282 1919 1400 1979 Ne
1443 1911 1518 1971 S.
1576 1908 1797 1968 Figne
1855 1910 2105 1970 violette
2148 1910 2399 1970 ronde.

1265 2046 1482 2106 N3:
1561 2036 1796 2096 Figue
1842 2034 2154 2094 blanche
2215 2036 2465 2096 longue

649 2062 753 2122 De
823 2050 1048 2110 Paris.

1239 2191 1364 2251 No
1397 2184 1460 2244 3:
1523 2178 1746 2238 Figue
1777 2172 2095 2232 blanche
2142 2172 2444 2232 ronde.

1133 2344 1204 2404 Ce
1221 2346 1238 2406 N
1396 2345 1482 2405 4.
1606 2335 1850 2395 Figue
1884 2326 2199 2386 blanche

1665 2491 1780 2551 idem

1139 2499 1269 2559 Ne
1334 2500 1366 2560 5

640 2537 829 2597 Pici

1677 2638 1809 2698 idem

1156 2657 1288 2717 N°
1347 2653 1365 2713 6

1431 2805 1490 2865 du
1557 2808 1645 2868 dit
1722 2810 1847 2870 jour

585 2914 833 2974 Donné
888 2916 984 2976 dix
1025 2917 1150 2977 sols
1191 2918 1218 2978 à
1300 2920 1341 2980 la
1411 2922 1630 2982 Veuve
1714 2924 1962 2984 Dupon
2058 2928 2113 2988 en
2181 2929 2486 2989 chérité.

1422 3034 1488 3094 du
1554 3037 1649 3097 dit
1715 3040 1911 3100 jour.

599 3132 740 3192 Aux
793 3137 1139 3197 servantes
1203 3146 1344 3206 Une
1387 3150 1571 3210 Livre
1657 3155 1732 3215 six
1798 3159 1917 3219 sols
1981 3163 2143 3223 pour
2186 3165 2316 3225 leur
2370 3170 2574 3230 ache¬

599 3239 687 3299 ter
746 3242 851 3302 des
895 3246 1309 3306 chapeaux
1384 3252 1443 3312 de
1502 3258 1739 3318 Paille
1828 3264 1977 3324 pour
2021 3269 2096 3329 les
2155 3277 2525 3337 Effeuilles.

610 3370 798 3430 Bise
851 3374 1067 3434 froide
1160 3378 1390 3438 Beau
1470 3381 1726 3441 soleil,
1752 3382 2115 3442 baromètre
2170 3378 2276 3438 vas

1392 3502 1470 3562 du
1558 3507 1636 3567 l
1714 3507 1783 3567 du
1831 3506 1999 3566 dir.

655 3598 825 3658 Reçu
919 3603 996 3663 de
1059 3608 1370 3668 Benoir
1446 3614 1912 3674 Blanchard
1976 3618 2348 3678 Ouarante
2378 3622 2564 3682 Livres

614 3712 787 3772 pour
841 3715 1026 3775 solde
1113 3718 1178 3778 de
1244 3720 1308 3780 se
1374 3722 1634 3782 portion
1733 3722 1797 3782 de
1853 3724 2189 3784 l'Interet
2265 3727 2406 3787 échu

629 3832 642 3892 à
717 3832 793 3892 la
880 3833 994 3893 St
1044 3834 1346 3894 Martin
1446 3837 1622 3897 Hlil
1684 3838 1835 3898 sept
1885 3840 2024 3900 ans
2074 3840 2162 3900 cin
2212 3838 2463 3898 quante

635 3944 784 4004 trois
866 3948 1042 4008 e1753
1124 3952 1191 4012 de
1247 3955 1314 4015 la
1369 3958 1600 4018 Lettre
1667 3961 1750 4021 de
1817 3962 2021 4022 4000
2075 3960 2346 4020 florins

630 4068 779 4128 quil
842 4068 992 4128 doir
1066 4068 1694 4128 conjointement
1768 4068 1896 4128 avec
1960 4068 2034 4128 les
2088 4068 2311 4128 autres

640 4180 1078 4240 Blanchards
1154 4182 1220 4242 du
1296 4180 1635 4240 Taulard.

2446 4169 2735 4229 210

2722 1435 2746 1495 3

2783 2927 2825 2987 et
2852 2924 2866 2984 6

2820 3285 2863 3345 ct
2933 3282 2990 3342 67

2848 529 2864 589 8

2844 1439 2926 1499 63

3573 332 3669 392 Le
3725 338 3936 398 folio
4011 338 4032 398 5
4166 334 4222 394 du
4337 322 4834 382 Memorial
4947 311 5102 371 A.

4271 455 4343 515 du
4429 458 4531 518 cht
4589 456 4791 516 Mai
4833 450 5052 510 1754.

3457 582 3663 642 Soldé
3728 582 4141 642 Ouaranté
4189 582 4412 642 Livres
4491 580 4507 640 à
4604 577 4922 637 Benoir
4986 571 5288 631 Blan-

3484 699 3682 759 chard
3760 696 3827 756 pr
3893 695 3958 755 un
4052 692 4302 752 intérêt
4369 690 4515 750 échu
4606 690 4658 750 le
4739 690 4804 750 28
4884 688 5069 748 Avril
5121 688 5306 748 1754.

3488 820 3552 880 de
3604 818 3681 878 la
3757 815 3873 875 soe
3938 814 4002 874 de
4065 814 4091 874 2
4194 812 4310 872 800
4374 809 4541 869 ducs
4592 808 4619 868 à
4682 803 4991 863 l'Hoirie
5042 799 5118 859 de
5171 795 5260 855 son

5261 927 5287 987 2

3463 931 3585 991 fils
3647 934 3862 994 Louis
3939 930 4490 990 Blanchard,

4171 1046 4231 1106 du
4301 1050 4401 1110 dir
4462 1050 4602 1110 jour

3481 1196 3671 1256 Recu
3768 1200 3900 1260 Dix
3957 1202 4130 1262 huit
4168 1202 4322 1262 gros
4360 1200 4530 1260 leus
4589 1198 4646 1258 de
4722 1194 5103 1254 Nodolphe
5143 1190 5370 1250 Baller

3463 1307 3486 1367 à
3544 1306 3812 1366 compte
3882 1306 3952 1366 de
4023 1308 4547 1368 l'amodiation
4605 1308 4663 1368 de
4721 1303 5024 1363 presente
5083 1293 5303 1353 année

3475 1416 3626 1476 11754
3710 1414 3779 1474 de
3820 1414 3903 1474 la
3973 1418 4415 1478 Montagne
4486 1422 4568 1482 de
4651 1424 4941 1484 Nialin
5025 1417 5177 1477 qu'il

5262 1523 5288 1583 2

3480 1528 3655 1588 fenr
3723 1530 3791 1590 de
3858 1532 4060 1592 nous,
4114 1526 4303 1586 fair;

4210 1637 4274 1697 du
4348 1640 4441 1700 dit
4496 1635 4681 1695 jour:

3504 1778 3696 1838 Reçu
3775 1782 3919 1842 Cent
3969 1782 4129 1842 huit
4192 1782 4416 1842 Livres
4481 1781 4544 1841 de
4608 1779 4752 1839 Sle
4799 1778 4865 1838 la
4912 1774 5280 1834 Generale

3516 1882 3567 1942 de
3621 1882 3920 1942 saconex
4025 1882 4168 1942 pour
4232 1883 4271 1943 le
4350 1884 4532 1944 loyer
4598 1883 4662 1943 de
4728 1880 5222 1940 l'apartement

3510 1993 3731 2053 qu'elle
3786 1988 3964 2048 tient
4030 1988 4107 2048 de
4175 1988 4329 2048 nous
4384 1990 4408 2050 à
4474 1992 4529 2052 la
4595 1992 4850 2052 maison
4928 1986 5082 2046 échu
5161 1980 5216 2040 le
5249 1976 5326 2036 30

3454 2094 3595 2154 Juin
3707 2098 3867 2158 Azs4

5313 2075 5326 2135 α

3489 2234 3656 2294 Tent
3718 2236 3778 2296 de
3808 2240 4264 2300 bourgagne,
4294 2242 4446 2302 froid
4521 2244 4764 2304 Pluye
4826 2244 4948 2304 par
4978 2244 5358 2304 intervalles

3516 2340 3744 2400 depuis
3798 2340 3973 2400 deux
4039 2340 4348 2400 chevres,
4376 2342 4751 2402 barometre
4806 2346 4953 2406 assez
5006 2351 5221 2411 naut,

4168 2501 4233 2561 du
4317 2504 4391 2564 12
4457 2504 4522 2564 du
4587 2508 4681 2568 dit

3581 2673 3755 2733 Payé
3789 2676 3946 2736 trois
3999 2680 4208 2740 Livres
4242 2682 4487 2742 quinze
4521 2684 4661 2744 sols
4712 2684 4730 2744 à
4801 2686 4974 2746 Pierre
5026 2688 5200 2748 Ribe

3514 2778 3988 2838 Mlatelassier
4044 2782 4350 2842 prfaçon
4421 2786 4476 2846 de
4532 2788 4686 2848 cinq
4755 2790 5077 2850 matelas
5132 2789 5271 2849 qu'il

3531 2878 3553 2938 à
3596 2882 3801 2942 battus.

4224 2980 4279 3040 du
4334 2984 4426 3044 dit
4471 2985 4656 3045 jour.

3498 3123 3707 3183 Donne
3776 3122 4000 3182 quatre
4043 3122 4154 3182 sols
4209 3123 4349 3183 pois
4420 3124 4517 3184 six
4572 3126 4894 3186 douzaines
4936 3131 5299 3191 d'Ecrevisses

4231 3244 4288 3304 du
4354 3244 4438 3304 dit
4486 3246 4664 3306 jour:

3497 3387 3663 3447 Reçu
3732 3386 3940 3446 trente
3995 3386 4148 3446 trois
4189 3389 4411 3449 Livres
4466 3391 4521 3451 du
4619 3394 4980 3454 Proposant
5035 3398 5340 3458 Moennon

3499 3491 3659 3551 pour
3712 3488 3871 3548 solde
3945 3488 4000 3548 du
4063 3488 4265 3548 Loyer
4340 3488 4403 3548 du
4479 3488 4553 3548 3e
4595 3490 5064 3550 Apertement
5116 3490 5265 3550 qu'il

3525 3580 3760 3640 occupé
3818 3582 3947 3642 chez
3993 3582 4205 3642 Melle
4265 3579 4334 3639 de
4392 3575 4592 3635 Tarel

3506 3680 3655 3740 Plus
3704 3678 3830 3738 recu
3905 3676 3954 3736 du
4030 3676 4242 3736 même
4305 3674 4479 3734 Cinq
4541 3674 4754 3734 Livres
4803 3672 4880 3732 pr
4917 3672 4966 3732 le
5004 3674 5179 3734 loyer
5229 3674 5291 3734 de

3531 3771 3672 3831 deux
3767 3768 4146 3828 chambres
4217 3771 4276 3831 au
4371 3772 4441 3832 2°
4500 3774 4737 3834 depuis
4795 3773 4844 3833 le
4914 3767 5233 3827 serixbre

3505 3882 3680 3942 1753.
3715 3882 4019 3942 jusqu'au
4111 3880 4217 3940 1er
4286 3880 4461 3940 ai
4544 3886 4788 3946 11754;

5326 3879 5398 3939 1.

5558 3564 5596 3624 27

5527 3892 5632 3952 38

5503 922 5639 982 40:

5505 1514 5582 1574 72

5454 2083 5604 2143 c08

5604 2884 5668 2944 3r
5681 2884 5720 2944 e1
5732 2890 5809 2950 5on

5708 3125 5819 3185 Ar

5740 1973 5784 2162 .,,
5753 1495 5789 1555 "
