5402 4434
4081 239 4490 297 Augustin
264 271 2613 393 16 On attache les provins; Ourvari Montroud qui bat
2861 307 4910 377 Chevalet amene le soi disant Bernard ven-
5002 311 5146 369 17
1500 343 2585 425 sa servante, le Pot du pont;
2845 403 4998 485 deur de Carraffe qui prétend être de le Illure
368 415 2429 505 Calme, beau soleil, chaleur, Girouette à la bise
2837 523 4922 597 en Dauphiné Diocese de Grenoble, ils sont
396 575 1616 637 Bar. 25/10. Therm : 14 1/2,
2825 627 4954 721 depuis 2 mois dans le pays, Chevalet afoure
396 651 2517 773 Dim 13: A la vue du présent Monsieur
2837 747 4874 837 qu'ils se fournissent de marchandises chez
372 763 2477 897 Miranj pourra remettre à Michel Jordan
2861 863 5022 957 Egg, & que leurs Certificats de la Verrerie de
344 891 2485 1021 de Mezieres son Cheval, sous la condition qu'il
2853 983 4970 1073 Sales en Savoye signés Chappuis 17 Mai
368 1019 2397 1149 paye fl. 20: pour qui seront portés à la
2853 1111 4133 1201 & 2 Juin 1773, sont faux ;
424 1119 2585 1269 Caisse de LL. EExes, & qu'il aille au devant
1536 1231 1860 1293 à ce sujet
2837 1235 4574 1309 Congé à Pierre Isel pour aller chez lui
404 1263 2409 1385 des tous les frais accessoires, le dit Jordan
2817 1323 5102 1417 " lui demandons quelque-chose conformément à
432 1387 2437 1505 ayant subi la peine de la détention selon
2825 1451 4233 1521 sa volonté, il nous exaucera ;
420 1519 2481 1625 l'Ordonnance Souveraine En teneur de
2817 1539 5058 1621 Les Chapuis armuriers & imprimeurs recomman-
2825 1639 5098 1717 dent le fils du premier étudiant en philosophie
416 1643 2389 1737 quoi Scellé & Signé Lausanne ce Dim
2813 1763 3565 1829 pour un gage ;
420 1791 1064 1861 13 Juin 1773:
1296 1847 2333 1957 P–, de V–d Lt Blf
2793 1871 5130 1953 Vu Mlle D–e avis pr le 29 juin qu'elle doit
888 1959 1080 2021 L.S
2817 1987 4353 2069 toucher de l'argent d'Oboussier
360 2019 2577 2121 Remis au dit Michel Jordan en présence de Kung
2769 2107 5094 2193 Calme, Couvert, Girouette au Vent, Bar. 25/
340 2139 2489 2226 qui certifie sa détention de hier & d'aujourd'hui ;
2805 2252 3633 2322 10:,, Therm: 14
348 2264 2329 2342 Grant mal de coeur en allant à l'Eglise ;
316 2372 2537 2466 Mr. Patron 9h St. Laurent 1ere St. Chap. V & 14:
2785 2380 4982 2458 Lundi 14 Lettre de Mr le Blf. de Moudon
320 2460 2605 2554 Nous avons aussi cette confiance en lui, que si nous
2773 2488 5130 2574 qui ne penche pas  une Chasse génerale
348 2560 2393 2650 2 Parties, 1° ce qu'il faut demander, & dispositions
2781 2620 4610 2694 à cause de la hauteur des Bleds,
352 2668 2285 2762 2° fondement de la confiance d'être exaucé
2769 2784 4658 2854 les Sgrs dela Chabre de Police
2285 2788 2533 2854 5 sols ;
1240 2808 1704 2866 Aumones
320 2892 2501 2958 Charité à Rose Bovey de Correvon paralitique
4225 2908 5086 2990 Parisod Caporal
3141 2916 3637 2986 assignent
332 2996 2537 3058 l'assesseur Pachoud collecte, Mt Tissot ordonne la
2773 3044 4962 3118 pour faire son tour à Berne, ordre de s'y
320 3108 1100 3170 bains de Valais ;
2325 3108 2585 3162 10 sols;
2781 3160 4922 3254 trouve Lundi 5 Juillet à 7h. du matin;
352 3236 2553 3318 Payé à Mlle de Corsi pour 2 Intérets échues le
2841 3333 4946 3418 CC BB.  préside le Cont. Secretan
428 3360 1784 3446 28 Mai 1772: &1773 de 1200:,,
2305 3380 2501 3438 96:
2797 3452 4886 3534 les Secretaires chargés de l'examen des
368 3496 2020 3562 Bordereau 3 doubles Louis ; = 96
2785 3580 5010 3662 comptes de l'hopital, demandent pour l'é-
380 3600 2517 3670 quittances de Mlle Pauline en son nom & en
2793 3696 5018 3782 tablir quel sacrifice le public veut faire à
372 3708 1584 3774 celui de Mde Crousaz ;
2785 3824 4870 3910 à la construction de l'hopital; Variation
364 3836 2497 3894 Remis à Josephe Kohler de Winau son con-
376 3932 2541 4002 venant du 16 Mai 1773 avec Madelaine Lavan-
2785 3936 5046 4026 les uns veulent retenir les réceptions à Bourge-
368 4036 2529 4122 chy pour leur fille naturelle 6j Mr le Blf. est
2789 4044 4886 4130 ois de 1768: & n'allouer que 200: sur chaque
532 4132 2249 4206 parti pour Berne à 2h. du matin;
