5762 4555
702 276 910 496 10
679 3401 1050 3560 Dim: 2:,,
1450 313 2013 544 Mai 1762:,,
951 518 2960 718 Lettre de Mr. Tolozan qui m'invite pour le 9 jour
988 648 2275 798 de la Visite de l'Eglise à Ecublens;
984 740 2055 885 A Mr. Tolozan à Ecublens;
979 831 3026 963 Je rends graces au Ciel du meilleur état de Mr Tolozan
992 963 3063 1114 je vous remercie très affectueusement de votre obli-
990 1011 3048 1209 geante invitation, nous avons une cause à juger Lundi
976 1136 3039 1294 & je crains fort de ne pouvoir une dépayser, je ferai tou-
977 1234 2996 1391 jours vos politesses à Mr. D–e, & s'il y a moyen de
973 1338 3010 1483 goûter l'agréable plaisir de vous voir, j'en donnerai avis
968 1436 3078 1623 Samedi 8:,, jai l'honneur d'assurer Mr T–n de mes
996 1525 2894 1682 obéissances très humbles & suis absolument à vous;
1005 1661 3008 1890 Ecrit à mon frere, Voyez la minute sur un papier sé-
984 1766 1247 1912 paré ;
983 1865 3004 2098 A l'assemblée gagné en 6 robers aux 4 francs 4 fiches
1012 1977 2775 2156 = L. 16;,, Moitié Dalbenas, = 8L. – 6 : sols,
1011 2079 1665 2228 Cartes, = 12 sols;
995 2195 2227 2388 Janet = 1j. Marguerat, = 1/2 j
972 2313 3052 2524 Loué à la Gillairone sur le pié du 1761: pour Effeuil
1024 2421 2926 2619 leuses depuis le 1er Mai jusques & compris le 15
1023 2521 2973 2724 de Juillet; 10 L. 10 de gage; 5 g 1/2 4 messel & 25 batz;
1011 2654 2949 2867 pour sa nourriture. on lui trempe sa soupe, & on
1025 2733 2290 2950 lui donne à diné le Dimanche;
1010 2825 2969 3080 Livré à la ditte 5 quarterons & demi Messel pour
1031 2973 2641 3185 le tems des effeuilles, selon l'engagement ;
1038 3054 2679 3259 Vendu à la ditte 2g Messel à 18sols; L.
2948 3112 3077 3314 16:,,
2840 3157 2941 3270 1:,,
1035 3195 2848 3396 Couvert tout le jour, Girouette Nord-Est, Petite
1050 3295 2620 3509 pluye le soir Bar. 26/3: Therm: 12:,,
1112 3427 3018 3668 Déclaration de Sebastienne de Liste fille de Jean
1049 3525 3081 3787 Pierre de Liste Bourgeois de Lausanne & de froide-
1053 3656 2997 3876 ville, agée de 22 ans, servante chez Christ Inney à
1044 3740 3059 3960 l'hermitage de Me de Goumoens, qui porte que
1053 3871 3004 4056 le mércredi 28 Avril, Salomon Peneveires l'auroit
1049 3965 3091 4156 attaquée à 1 h. après midi dans le jardin & aurait en
1065 4095 3068 4278 sa compagnie, témoins Catherine Leiel sa femme
1062 4156 2247 4347 d'henny, & le noée Freme;
5066 222 5205 408 11
3774 276 4375 480 Mai 1762.,,
5262 480 5369 661 18:
3380 477 4597 671 Payé à Janet 6j. à 6 batz 1/2;
3018 517 3341 653 Dim: 2:,,
4821 527 4964 651 L.
5110 510 5255 669 3:,,
5266 659 5393 749 10:,,
3286 619 4630 805 A la Gillairone 5j. à 5 batz;
5136 650 5257 761 2:,,
3282 721 4900 894 A la même pr sa pittance des Effeuilles;
5267 762 5411 882 10:,,
5153 755 5249 863 2:,,
5275 869 5387 966 3:,,
5153 863 5258 999 4:,,
3277 827 4933 1036 A Jean Pierre Marguerat 5j. 1/2 à 15 sols,
3273 960 4727 1136 A Guignard = 4j. au dit prix;
5160 991 5288 1122 3:,,
3295 1076 4842 1271 Solvit le mémoire de Besse, sa quittance
3327 1192 4437 1363 de Quatre Livres dix sols;
5278 1239 5400 1356 10:,,
5134 1222 5257 1361 4:,,7
3320 1283 4013 1490 7 ℥ de poix chez
5265 1360 5385 1467 8:,,
4241 1332 4617 1489 à 4 sols;
5165 1368 5263 1467 6:,,
3291 1416 4951 1627 A Pasteur pour écorcher le Veau & remêde;
5221 1472 5393 1647 16:,,
3315 1531 4939 1738 A Tracsel pr 8 bouteilles de Vin de Neu-
4977 1650 5261 1816 L. 4:,,
3320 1663 4597 1838 chatel, à 10 sols; sa quittance;
3303 1775 5404 1989 Payé à Mr. d'Abbenas pr solde de gain de 3 semaines
3328 1880 3949 2030 = L. 32:,, 3:,,
3297 2005 5070 2194 Au dit pour perte de moitié avec lui, = 4 sols;
3308 2105 5439 2330 Chez Mlles de Bottens perdu en 3 robers 18 fiches aux
3321 2219 4092 2409 10 sols; = L. 9:,,
3322 2316 5186 2531 Couvert, le matin, soleil le soir, Girouette - Ouest,
3339 2418 4712 2646 Vent froid Bar. 26/4: Therm: 8:,,
3047 2544 3351 2691 Lundi 3:,
3382 2597 5288 2748 Parti à 6 h 1/2 avec Mr. de St Germain dans sa
3320 2666 5365 2877 voiture, Jacob Roi à cheval, & Joseph Frey m'ac-
3315 2777 5372 2960 compagnent; Gaulis arrive à 8 heures, il y a 100 hoes
3327 2873 5275 3056 sous les armes; 242 tireurs; Jacob Ballissat n°1:
3321 3011 5479 3166 agé de 35ans, abbat l'oiseau; il l'a prit par sa droite,
3319 3069 5399 3290 il était fort bas, le Charpentier à prétendu qu'il n'a-
3336 3179 5250 3383 vait pu le monter plus haut, le toit s'étant cassé,
3318 3279 4979 3517 il disoit qu'il était à 220 piés, j'en doute,
3321 3378 5370 3656 Vacob Balissat déclare qu'il prend la gratification
3328 3501 3863 3653 de 100 florins;
4950 3602 5061 3775 L.
3346 3573 5000 3813 Vins au Valet de Mr. de St Germains ; L
5137 3648 5260 3755 1:,,
3330 3671 4813 3879 Bouquet & vins à la servante; -
5120 3734 5297 3903 1:,,
3324 3755 4154 3932 Je repars à 4 heures;
3338 3873 5363 4084 Chez Mr de Gentils gagné en 4 robers 3 fiches aux
3339 3952 4825 4126 10 sols = L. 1:,, 10: Cartes = 10 sols,
3332 4058 5278 4283 Vent froid, beau soleil, assez calme, Girouette à la
3368 4164 4603 4352 bise, Bar. 26/4:,, Therm : 9 1/2:,,
