5884 4614
727 450 891 512 36
1507 526 2139 588 Juillet 1757:
599 678 2738 796 Mercredi 13: Cour Baillivale de relevée ; Jugement
931 798 2774 900 de Tiolay, on lui tiens Compte de 13 jour
915 918 2778 1012 de prison, Comdamne a 3 fois 24 heures de
911 1030 2734 1124 plus ; a rendre a Pierre Oga 56 fl 3 pr
927 1142 2810 1232 tous dedomagemens de son sac perdu ; amen-
927 1266 2834 1340 de a 25 florins envers les Pauvres de Paudex,
923 1378 2698 1452 admenete & reprimende severemt en Cour;
931 1526 2970 1616 Mr Gaulis se transporte avec moi a la Ben
927 1634 2914 1716 che de l'hotel pr supiter sur les Plans de me-
927 1738 2938 1820 lette la Contenance de notre Vigne de Chissiez
923 1858 2966 1932 elle contient tt 1453 Toises fesans 23 Ouvriers
939 1982 2370 2044 & 1/4; il m'en donne son signé ;
935 2134 2139 2204 A mr de Tavel a Berne ;
903 2230 2974 2304 Je fus si for occupé hier que je n'eus pas un ins-
915 2333 2938 2403 tant por vous annoncer un mariage qu'on viens
935 2437 2970 2507 de rendre public, c'est celui de Mr de St Cierge
919 2545 2974 2607 avec Mr Dulignon tous se prepare pour posser
923 2645 2878 2715 le Contreer, Mr de Bescher donne la terre de
919 2753 2886 2823 Bercher en entier a L 200 pres & la mere cede a
915 2857 2950 2919 sa fille tous le bien du pere reserve que le gen-
919 2953 2958 3019 dre occupera chez elle. Ce mariage est fors ep-
927 3057 2882 3123 prouve de tout le monde ; Mr Dulignon n'a
927 3165 2922 3227 pas eu autans d'embarras a se decider que l'o-
911 3273 2786 3339 rable le lui avois ennoncé, il croyois qu'il y
919 3373 2862 3443 auroir tant de si, de car & de mais, qu'on fer-
915 3497 2930 3555 roir languir le postuleur ; il ne s'est pas mis
923 3601 2966 3663 en grands frais de culture ; Depuis quelques jours
911 3705 2938 3779 les raisons ont pris un accroissemens considera-
919 3809 2890 3891 ble, ils sont plus gros que des pois ; les maux de
923 3913 2938 3995 la Grele se manifestems tous les jours plus fa-
907 4017 2942 4099 cheux, le ble des Epis casses sera retrais & presque
5141 354 5308 431 37
3918 498 4530 556 Juillet 1757:
3038 650 5233 780 Mer: 13: sans farine. On moissone aux environs de
3362 758 5353 856 Lausanne, le Cours de la Venoge commencera
3358 874 5293 976 le 18 ; la Chaleur est tres grande le Therm:
3374 990 5281 1088 23. degres sur Glace; Ce que Tuelle appelle
3354 1110 5357 1212 Luserne, c'est ce que nous appellons St Foin ;
3358 1222 5201 1324 Ce qu'il appelle St Foin c'est l'Espescette ;
3378 1342 5245 1444 Une Lettre de Mr de Mon du 12 annonce
3386 1466 5237 1552 l'etat pitoyable de sa femme, Aucune nou-
3398 1574 5341 1660 velles, des reflexions sur la posirion critique
3386 1706 5349 1776 du Roi de Prusse qui seroir beaucoup mieux
3374 1814 4290 1876 apres de Magdebourg ;
3382 1954 5381 2024 Reimondin en pré – 1. j'y ai fait un tour ;
3374 2046 5297 2144 Le quarré long fondu, il reste un peu de neige
3378 2166 5365 2248 au couhans ; Beau soleil Chaleux extrê-
3406 2265 5229 2351 me, sans air Them: a 5h: a 23 degrés
3402 2373 5381 2463 a 10h a 20 Bar 26/3 1/2 Eclairs & tonnerre
3406 2481 5221 2559 le soir dans l'eloignemt ; Clair le matin
3470 2605 4582 2659 Beau soleil; Therm: 18_,,
3102 2741 5341 2803 Jeudi 14 Examiné si la Vigne de la Vuerchere etois
3394 2825 5285 2899 bien cultivee, trouve plusieurs seps non at-
3410 2925 5273 2999 taches ; La grele a dechiré plusieurs feuilles,
3398 3021 5289 3107 lels raisons ne paroissent pas avoir souffert;
3374 3141 5269 3239 Treller a amené de Niclin un piece de 27
3390 3237 5325 3343 pies de long, & 2 pies d'epaisseur a la tête ;
3394 3369 5365 3467 Consistoire, Francois Salomon Ve nie d'avoir
3406 3461 5249 3571 porter un coup le Dim: 11. a 10 heures a le
3414 3561 5317 3679 noee Chespi nee Matthey & d'avoir ete pre-
3414 3677 5345 3779 sent au Chesiveri il avoue qu'il y etois la
3426 3797 5385 3891 premiere fois, il noe plusieurs garcons et filles,
3430 3901 5253 3999 la Chambre veut creuser cette affaire. On
3438 3997 5381 4103 enverra l'Of. Bard prendre des informations,
