6184 4614
580 373 665 433 26

1547 444 1831 504 Janvier
1855 440 2007 500 1755

416 590 641 650 Mardi
688 590 721 650 et

923 598 1101 658 Deux
1147 606 1742 666 Interrogatoires
1786 606 1803 666 à
1920 604 2383 664 Marqueritte
2442 600 2727 660 Pellien,

925 698 1130 758 avge,
1141 698 1173 758 la
1248 698 1399 758 Gopl
1454 695 1799 755 criminelle,

765 763 851 823 La
936 772 1124 832 Noce
1209 780 1512 840 Matten
1569 782 1726 842 veur
1785 781 1956 841 faire
1999 777 2374 837 incarcérer
2417 769 2732 829 Berraud

784 884 1212 944 domestique
1289 891 1353 951 de
1392 892 1638 952 Mr.
1678 894 1729 954 de
1832 893 1949 953 St.
1975 891 2221 951 Cierge,
2247 884 2441 944 contre
2493 876 2597 936 qui
2636 870 2751 930 elle

758 988 783 1048 à
858 998 1096 1058 obtenu
1196 1007 1322 1067 par
1384 1012 1610 1072 devant
1672 1014 1835 1074 LL.
1860 1014 1985 1074 C,
2010 1014 2098 1074 du
2160 1014 2349 1074 senct
2423 1012 2562 1072 pour
2599 1010 2736 1070 qu'il

2396 960 2443 1020 un
2501 964 2562 1024 Ar
2592 960 2653 1020 ied

793 1106 854 1166 au
939 1113 964 1173 à
1063 1120 1271 1180 suivre
1344 1129 1480 1189 aux
1553 1136 1895 1196 promesses
1944 1137 1994 1197 de
2043 1136 2336 1196 meriege
2409 1133 2545 1193 qu'il
2593 1129 2679 1189 lui

786 1226 800 1286 à
844 1231 1095 1291 faites;
1168 1245 1418 1305 Contre
1506 1254 1564 1314 le
1639 1261 1904 1321 presciir
1963 1265 2065 1325 des
2123 1264 2271 1324 Loix
2345 1251 2803 1315 consistorie.

801 1351 916 1411 lès,
929 1353 981 1413 il
1046 1358 1123 1418 est
1175 1368 1459 1428 ordonné
1523 1378 1627 1438 que
1679 1382 1756 1442 le
1807 1386 1898 1446 dis
1963 1388 2285 1448 Berraud
2349 1382 2466 1442 soir
2518 1372 2723 1432 saisi;

771 1502 1039 1562 fraduir
1102 1512 1242 1572 avec
1318 1522 1585 1582 Vetstein
1675 1530 1815 1590 deux
1878 1534 2094 1594 Lettres
2146 1536 2209 1596 du
2286 1533 2655 1593 Consistoire

767 1629 1098 1689 suprême
1177 1640 1243 1700 du
1310 1644 1337 1704 9
1429 1652 1668 1712 Janvier
1775 1659 1933 1719 l'une
2012 1662 2079 1722 au
2158 1662 2331 1722 sujet
2384 1659 2437 1719 de
2489 1653 2728 1713 Jeenne

765 1754 993 1814 Merie
1061 1765 1382 1825 Bonner
1464 1771 1491 1831 &
1544 1776 1679 1836 Jeen
1774 1783 2068 1843 Etienne
2163 1788 2513 1848 Decastel;
2553 1784 2754 1844 l'autre

768 1876 842 1936 au
917 1879 1095 1939 sujet
1171 1883 1230 1943 de
1305 1889 1529 1949 Judith
1618 1899 1887 1959 Cuenod
1947 1906 2185 1966 femme
2231 1908 2305 1968 de
2349 1908 2484 1968 Jeen
2573 1904 2767 1964 David

745 1999 1003 2059 Mercier
1064 2006 1137 2066 de
1223 2015 1628 2075 Penrhereaz
1714 2022 1726 2082 &
1787 2026 1935 2086 Jean
2033 2030 2266 2090 Jeques
2303 2032 2425 2092 Toli
2475 2032 2524 2092 de
2585 2032 2707 2092 Soi

778 2119 971 2179 Aigle
1031 2128 1274 2188 Comté
1346 2134 1420 2194 de
1504 2144 1989 2204 Neuchetel;

829 2265 1015 2325 Tems
1061 2278 1311 2338 doux,
1342 2283 1528 2343 Bar-
1544 2286 1653 2346 très
1699 2286 1792 2346 bas
1855 2286 2103 2346 Couveri

400 2379 817 2439 Mecrediss:
882 2391 1103 2451 Lettre
1170 2396 1247 2456 de
1338 2399 1521 2459 Mr.
1574 2402 1626 2462 de
1703 2402 1978 2462 Tavel,
2030 2402 2251 2462 détail
2303 2400 2369 2460 du
2421 2398 2707 2458 Combas

752 2492 886 2552 avec
948 2497 1000 2557 la
1072 2500 1320 2560 Gerde
1402 2503 1464 2563 du
1558 2506 1650 2566 1er
1723 2508 1795 2568 de
1858 2511 2032 2571 l'en;

780 2630 1016 2690 Gratif
1091 2632 1163 2692 au
1238 2634 1517 2694 Porteur
1561 2634 1621 2694 de
1693 2636 1975 2696 Lettres,
2004 2636 2018 2696 —
2107 2636 2269 2696 Seize
2312 2636 2445 2696 sols
2459 2636 2476 2696 ;

2685 2557 2885 2700 6
2927 2655 3008 2715 16

746 2760 959 2820 scellé
1017 2760 1194 2820 trois
1253 2760 1560 2820 mendats
1643 2760 1750 2820 pr.
1796 2760 1845 2820 le
1903 2760 2293 2820 Consistoire

792 2872 821 2932 1
849 2870 1060 2930 Contre
1127 2868 1384 2928 Petiller
1471 2868 1490 2928 n
1595 2866 1959 2926 mauveise
2045 2858 2417 2918 Conduite;

781 2981 792 3041 1
825 2980 1058 3040 Contre
1124 2976 1356 3036 Christ
1434 2975 1489 3035 de
1555 2974 1611 3034 le
1688 2973 1986 3033 Solitude
2054 2972 2120 3032 pr
2164 2974 2352 3034 danse
2407 2974 2452 3034 le
2518 2974 2573 3034 12

801 3098 831 3158 1
878 3093 1107 3153 Contre
1169 3090 1490 3150 Mertin
1567 3090 1642 3150 pr
1689 3090 1764 3150 2e
1826 3092 2163 3152 Citation;

793 3228 981 3288 Deux
1050 3232 1629 3292 Interrogatoires
1684 3233 1711 3293 à
1791 3230 2250 3290 Margueritte
2303 3220 2602 3280 Pellien;

768 3338 919 3398 avec
976 3342 1043 3402 la
1137 3344 1289 3404 Cout
1375 3338 1830 3398 Criminelle,

811 3452 974 3512 Cerir
1032 3456 1055 3516 à
1158 3452 1309 3512 Mr.
1332 3449 1402 3509 de
1483 3444 1702 3504 Tavel.

1844 3430 2065 3490 Parlé
2124 3428 2139 3488 à
2227 3426 2374 3486 Mr.
2403 3424 2667 3484 Jaccand

814 3574 1076 3634 Pasteur
1128 3572 1194 3632 de
1246 3570 1547 3630 Savigny
1652 3564 1810 3624 d'une
1862 3561 1992 3621 fille
2084 3556 2175 3616 qui
2229 3553 2346 3613 s'est
2384 3550 2594 3610 rétirée

816 3696 973 3756 dans
1030 3694 1088 3754 sa
1159 3692 1446 3752 peroisse
1532 3689 1732 3749 grosse
1805 3686 1861 3746 de
1918 3684 2075 3744 huir
2148 3682 2362 3742 Mois,
2390 3682 2406 3742 &
2448 3682 2549 3742 qui
2592 3684 2648 3744 se

804 3804 1052 3864 disposé
1098 3806 1120 3866 à
1188 3806 1357 3866 feire
1426 3806 1493 3866 un
1572 3804 2104 3864 accouchement
2149 3803 2578 3863 clandestiz;

798 3956 1039 4016 Grend
1089 3954 1313 4014 Ven,
1363 3954 1620 4014 Doux,
1654 3953 1960 4013 Couven,
1992 3951 2185 4011 Per:
2219 3948 2330 4008 très
2364 3946 2509 4006 bas,
2557 3940 2750 4000 Neige
2782 3938 2800 3998 ;

4272 386 4556 446 Janvier
4600 388 4774 448 1755

5417 351 5592 500 87
3252 550 3421 610 Jeudi
3481 550 3603 610 161.

3651 558 4144 618 Consistoire;
4244 570 4539 630 Rapois
4609 576 4667 636 de
4723 578 4793 638 la
4848 582 5060 642 Lettre
5104 584 5159 644 du
5215 586 5499 646 Consist.

3565 671 3896 731 suprême
3992 679 4063 739 au
4147 686 4337 746 sujet
4396 692 4467 752 de
4526 698 4788 758 Jeanne
4870 705 5119 765 Marie
5180 701 5488 761 Bonner

3610 791 3667 851 de
3738 796 4068 856 Pienens,
4110 801 4124 861 &
4223 805 4367 865 Jeen
4438 812 4709 872 Etienne
4794 818 5124 878 Pecastel
5180 818 5251 878 de
5294 814 5522 874 Lutry;

3584 913 3707 973 qui
3756 919 3967 979 àjuge
4042 925 4079 985 ce
4128 931 4387 991 dernier
4449 938 4549 998 coé
4622 944 4820 1004 Mari
4869 948 5204 1008 legitime,
5229 945 5402 1005 après
5439 939 5574 999 trois

3573 1050 4043 1110 publiections
4104 1056 4153 1116 de
4204 1060 4277 1120 six
4339 1062 4389 1122 en
4450 1066 4550 1126 six
4611 1073 4933 1133 semeines
4982 1074 5032 1134 de
5093 1074 5155 1134 la
5205 1069 5452 1129 Chaire

3583 1169 3595 1229 &
3652 1174 3744 1234 des
3790 1183 4055 1243 affiches
4112 1190 4169 1250 au
4239 1197 4539 1257 domicile
4596 1203 4653 1263 de
4711 1204 4803 1264 ses
4861 1206 5136 1266 parens;

3586 1315 3825 1375 Prapon
3909 1326 4064 1386 d'une
4133 1336 4330 1396 Lettre
4386 1342 4443 1402 de
4527 1348 4710 1408 Pierre
4780 1352 4963 1412 Ceret
5004 1354 5076 1414 de
5118 1353 5398 1413 Geneve

3602 1441 4019 1501 concernent
4076 1453 4133 1513 la
4206 1463 4479 1523 Prinsoz
4536 1478 5024 1538 d’Espalinges,
5053 1482 5154 1542 qui
5211 1482 5383 1542 perle
5441 1478 5498 1538 de

3607 1548 3772 1608 trois
3835 1564 4000 1624 Cens
4065 1574 4217 1634 leus
4280 1586 4573 1646 promis,
4585 1590 4610 1650 &
4662 1592 4725 1652 ne
4775 1596 4928 1656 veux
4993 1599 5195 1659 suivre
5260 1600 5323 1660 au
5386 1600 5488 1660 ma

3592 1670 3773 1730 riage
3845 1685 3996 1745 sens
4057 1696 4260 1756 celi;
4331 1703 4411 1763 Le
4503 1712 4715 1772 Piinse
4787 1717 4878 1777 dir
4928 1719 4999 1779 ne
5050 1721 5252 1781 savoit
5314 1722 5354 1782 ce
5405 1722 5505 1782 que

3593 1792 3768 1852 cest;
3817 1807 4117 1867 ordonné
4181 1821 4305 1881 une
4368 1826 4467 1886 2de
4518 1831 4543 1891 &
4605 1835 4681 1895 3e
4718 1840 5006 1900 Citation
5068 1845 5132 1905 pr
5181 1846 5231 1906 le
5269 1848 5368 1908 dir

3629 1916 3800 1976 Pierre
3862 1930 4047 1990 Ccrer

3635 2047 3869 2107 Petilles
3925 2050 3939 2110 &
4021 2054 4243 2114 Christ
4284 2061 4670 2121 Sibenthal
4725 2065 4795 2125 pr
4836 2067 5084 2127 dance,
5097 2068 5388 2128 renvoyés
5415 2066 5429 2126 à
5471 2065 5581 2125 être

3602 2163 3792 2223 jugés
3849 2170 3904 2230 au
3982 2177 4307 2237 prochain
4363 2187 4777 2247 Consistoire
4844 2194 4989 2254 avec
5057 2194 5371 2254 plusieurs
5415 2192 5638 2252 autres;

3583 2283 3851 2343 Matin
3936 2297 4206 2357 appellé
4277 2305 4347 2365 pr
4389 2308 4447 2368 le
4503 2312 4588 2372 3e
4632 2316 4744 2376 fois
4800 2320 5071 2380 ordonne
5127 2323 5269 2383 qu'il
5297 2323 5424 2383 sere
5466 2321 5679 2381 reduis

3603 2392 3658 2452 en
3740 2406 3945 2466 prison
4027 2415 4109 2475 des
4164 2419 4314 2479 quil
4368 2426 4709 2486 percitie;

3596 2516 3863 2576 Compte
3925 2526 4084 2586 avec
4162 2532 4337 2592 Mr.
4383 2537 4430 2597 le
4540 2542 4746 2602 Min:
4808 2548 5091 2608 Polier,

3616 2636 3810 2696 Pieçu
3883 2643 3945 2703 de
3992 2647 4103 2707 lui
4139 2649 4200 2709 L.
4212 2650 4394 2710 584:
4443 2653 4540 2713 Asi
4600 2657 4613 2717 8

3593 2762 3714 2822 Per
3744 2765 3819 2825 un
3895 2771 4076 2831 biller
4138 2778 4454 2838 poyable
4516 2780 4531 2840 à
4605 2782 4833 2842 Pagues
4894 2781 4969 2841 de

5189 2776 5391 2836 2200:

3605 2878 3729 2938 Par
3772 2882 3826 2942 12
3882 2885 3952 2945 L.
3979 2886 4116 2946 ducs
4172 2888 4228 2948 in
4310 2892 4503 2952 Vin;

5268 2891 5346 2951 e12

3573 2983 3749 3043 Livré
3809 2994 3867 3054 en
3962 3004 4257 3064 Argenr
4329 3008 4765 3068 Compteni;

5220 3012 5394 3072 372:
5406 3010 5482 3070 11,
5506 3009 5519 3069 8

5230 3124 5392 3184 584:
5422 3126 5497 3186 11.
5511 3123 5540 3183 2

3623 3207 3690 3267 Il
3733 3219 3910 3279 devoir
3964 3228 4032 3288 un
4102 3234 4347 3294 Billes
4401 3238 4470 3298 du
4538 3240 4565 3300 8
4635 3242 4880 3302 Janvier
4934 3246 5098 3306 e1749

3630 3330 3730 3390 de;
3821 3340 4061 3400 Ouctre
4112 3347 4262 3407 Cens
4322 3353 4613 3413 soixante
4663 3359 4875 3419 Livres,

5152 3362 5398 3422 L460:

3567 3444 3699 3504 Six
3777 3452 3844 3512 In
3950 3459 4147 3519 échus
4214 3462 4292 3522 les
4346 3464 4372 3524 8
4424 3466 4675 3526 Janvier
4729 3469 4926 3529 1750:

3593 3563 3804 3623 4751,
3840 3570 4051 3630 1752,
4086 3576 4275 3636 1753:
4333 3581 4580 3641 1754,
4603 3585 4744 3645 1755
4814 3587 4827 3647 à
4886 3589 5110 3649 186.8.

5199 3583 5245 3643 et
5271 3580 5370 3640 10:
5415 3585 5487 3645 8.

5202 3695 5363 3755 570:
5413 3709 5439 3769 8

4193 3715 4268 3775 Le
4343 3727 4568 3787 Biller
4607 3733 4631 3793 à
4706 3741 4943 3801 déduire

5162 3771 5281 3831 200

4446 3858 4805 3918 Comptent
4837 3866 5065 3926 effectif

5214 3875 5350 3935 370:
5396 3876 5417 3936 8

3607 3959 3771 4019 Trois
3834 3966 3960 4026 cens
4010 3970 4326 4030 soixante
4389 3974 4478 4034 dix
4540 3976 4819 4036 Liorestà
4894 3982 5108 4042 porter
5146 3987 5158 4047 à
5222 3993 5411 4053 Caisse
5449 4000 5499 4060 cy

5761 4002 5795 4062 8

5579 3998 5686 4058 (370

3622 4084 3736 4144 Par
3771 4084 3817 4144 là
3885 4086 3942 4146 je
3989 4086 4115 4146 suis
4173 4088 4334 4148 payé
4391 4090 4460 4150 de
4517 4093 4632 4153 d4.
4655 4095 4701 4155 L.
4736 4097 4805 4157 3.
4839 4099 4862 4159 8
4932 4104 5069 4164 qu'il
5116 4109 5207 4169 me
5253 4117 5436 4177 devoir

3590 4196 3668 4256 pr
3707 4198 3745 4258 le
3825 4198 3941 4258 Vin
4007 4201 4216 4261 rouge
4267 4204 4333 4264 de
4398 4208 4684 4268 Desaley
4737 4212 4750 4272 &
4802 4214 4867 4274 les
4933 4219 5154 4279 Arbres
5193 4223 5245 4283 de
5285 4228 5427 4288 Palis

3573 4307 3612 4367 3.°
3631 4316 3796 4376 1752:
