4562 3294
425 234 2086 451 Samedi 10: Avis que les Vaches arri-
406 385 1976 570 verent en bon état; de la Jognena;
353 500 2120 689 Lu le 1er Vol de Joseph par Bitaubé;
394 614 1456 792 Vû Montrond Monfort;
385 726 2056 898 Examnié les Comptes du Châtelain de
392 848 2071 1033 Crousaz Tuteur Forney dès le 1e Août
389 955 2080 1136 1765 jusques & compris le 29 7bre 1765;
367 1065 1930 1213 Observations, Débiteur de 268++ 7;,,
360 1192 1862 1396 Pluye le matin Girouette à la bise,
390 1320 2155 1508 Couvert tout le jour; Bar. 26 Therm 8:,,
375 1438 2116 1645 Benigne Buchet qui avoit disparu
407 1550 2126 1743 le 4 juin, s'est remontrée le 9 8bre.
392 1655 2086 1873 Dim: 11:,, Mr. Valette 9h St. François
391 1797 2090 1976 Actes XXIV. & 15 &16: Esperant comme
393 1898 2009 2067 ils l'esperent-eux-mêmes,..... C'est
409 2031 2038 2170 pourquoi je m'applique à conserver
410 2100 2010 2267 toujours une conscience sans reproche
436 2191 1939 2357 2 Parties; 1° Le conscience doit être
425 2273 1999 2457 éclairée, consultée & suivie, 2e Motif.
450 2392 1939 2532 tiré de la resurrection du juste & de
501 2502 877 2640 l'injuste;
548 2562 2083 2759 Dieu est le juge, la Conscience est le
536 2672 955 2776 bourreau
555 2739 2005 2911 L'Enfer est inutile; la Conscience est
723 2852 1139 2996 un Enfer;
2456 252 4042 471 Anges & Archanges, Cherubins & Sera-
2397 410 4078 585 phins, Aimée celeste; repetitions tout de
2394 519 3612 661 suite; Aumone = 4 sols;
2371 627 4103 815 Louise Rapillard Veuve Cueret a été char-
2397 742 4122 932 gée d'un enfant qu'elle donnois à Jaques
2393 859 4144 1002 Moraz qui a fait le Serment 4 Mai 1767;
2416 957 4187 1151 le 17 Mai elle a dit en pleine Communauté
2396 1075 4067 1269 qu'il était un faussaire; Il l'a assignée
2404 1188 4048 1378 en Cour de Chapitre 26 9bre pour lui
2363 1335 4057 1485 faire réparation; On dit que cette affaire
2372 1401 3485 1592 sera portée au Sgn. Blf;
2391 1543 4041 1716 Delessert avise que J. D. Diserens, veux
2380 1636 3976 1817 faire dans trois mois un payement de
2410 1743 4025 1920 1000 à compte de L'Acte de Revenu,
2442 1833 2908 2021 j'y consens ;
2415 1946 4154 2160 Le Blarhamberg dit que Mr. le Blf
2427 2070 4106 2260 l'adresse à moi pour obtenir quelque adou-
2447 2189 4088 2378 cissement à la prison de 5 jours que
2462 2298 4074 2480 doit subir son Mari; réfusé; à cause
2436 2409 3151 2557 des conséquences;
2462 2488 4037 2690 Soupé cher Mr Des–s, Couvert tout
2474 2596 4068 2806 le jour, Girouette à la bise, Bar. 25/11
2523 2735 4218 2933 Pluye le soir, Bise assez forte, Therm: 6 1/2
4128 260 4246 384 99
