4562 3294
315 194 439 325 12
410 216 2106 408 Caractere de la Charités 1° Elle desinté-
389 328 2103 533 ressée dans son principe, 2° universelle
386 469 2142 631 dans son objet, 3° active dans ses effets
374 558 1752 748 4 soutenue dans son exercice,
378 636 2146 848 Motifs J.X. est notre Chef, notre Maître
394 770 1842 954 notre bienfaiteur & notre juge
390 900 1333 1078 Aumones, = 4 sols;
374 1029 1945 1239 Beau soleil tout le jour, Chaleur,
398 1174 1483 1338 Bar. 26/ 1/2 Therm: 15
450 1288 1568 1491 Vû le Baron de Pôolnitz
434 1393 2035 1602 Les Epoux du 5 juillesl rentrés; Vu-
389 1524 2170 1719 Lundi 31: Conférence chez au Chateau
427 1645 2116 1785 concernant les Contestations de la Cour.
412 1727 2060 1910 Baillivale avec les Paroisses de Cully
452 1836 2060 2038 & Luty; les Ban. Clavel & d'Orges, le
475 1935 2160 2158 St. Megroz; Mr. de Brenles a fait un
456 2076 2192 2258 projet de Conciliation, qui est remis aux
485 2190 1979 2325 parties; On m'en donne un double;
507 2301 909 2434 Diné ditò
496 2356 2069 2587 Payé à Mr. de Gentils pour 2 Int.
522 2499 2142 2656 échus les 5 7bre 1766 & 1767; de 3000++
504 2596 2103 2813 = L. 210: = 15 Louïs neufs; Quittance;
4081 214 4247 373 13
2437 206 4071 437 Le Compte du ménage pr le mois
2459 369 3616 541 d Août = 14++ 16:,,
2427 454 4264 679 Lu le procès du Roi de Prusse contre
2438 636 4169 802 la Ville de Neufchatel, commencée le
2437 730 4158 914 21 juin dernier à Berne; sur 8 arti-
2444 824 4170 1023 cles dont le Roi demande le recens.
2448 938 4234 1132 sement; la Ville a fait une exception
2437 1049 4121 1226 dilatoire, aux articles 1 5: 6: 7:,, sur
2447 1154 4076 1369 laquelle elle à été condamnée avec
2429 1266 4229 1477 dépens au Senat; Elle a appellé en CC.
2496 1381 4221 1613 Marion Sechaud = 1j. à 3 batz 3 Crutz;
2411 1530 4136 1729 Beau soleil le matin; Couvert le soir.
2436 1638 4145 1845 Girouette Sud-ouest assez fort, pluye à
2415 1777 3736 1978 8 h. Bar 26 1/2; Therm: 15:,,
2414 1881 4182 2078 Le Banneret d’Orges dit qu'il y a eu
2452 2001 4235 2195 une petite Grêle à Cully le 21: d'août;
2448 2148 4233 2311 Mardi 1er 7bre Recû de Jean Bary
2435 2250 4137 2459 2 quart. Messel à compte 17L7 pessé
2525 2383 4037 2576 Quittance; Marion Sechaud = 1j.
2581 2488 4169 2666 Couvert tout le jour, Petite pluye par
2463 2627 4073 2804 intervalles; Girouette au Vent, Bar. 26
2669 2746 2987 2896 Therm :
