5762 4555
781 306 897 463 6
1452 366 2071 548 Avril 1762:,,
1077 525 2849 741 Remis à Mr. Tolozan pr Intérets dus par Mr.
600 556 1040 724 Samedi 24 :
979 665 1262 814 Tavel;
966 701 2534 876 Int. échu 12 8bre 1761 de L 500: au 4 L 20:
954 852 2522 1020 Int. échu 13 8tre 1761 de L. 600 au 5 : 30 :
2169 967 2541 1081 L. 50:,,
941 962 1451 1130 Bordereau
1911 1064 2202 1218 48: p
1030 1073 1719 1223 3 Louïs neufs =
2754 1088 2895 1206 50:
1957 1179 2085 1291 2:
1086 1175 1530 1325 1 petit Ecu ;
960 1277 1521 1428 Sa quittance ;
1066 1349 2401 1543 Payé à la Grangere son Compte
1352 1485 1639 1575 à 24 bats
1798 1520 2290 1638 . . L. 3:,,
953 1511 1796 1674 2 g 1/2 Chanvre, moitié;
2311 1577 2449 1741 8:,,
1007 1610 1986 1769 1g d'orge à 8 batz, moitié ;
2280 1737 2420 1819 0:,,
974 1698 2039 1869 1g de pois à 10 batz, moitié ;
2593 1729 2714 1903 L.
2800 1769 2916 1904 11:
964 1801 2415 1988 Poeliez 1 florins, moitié ; 2: 14:
968 1926 1834 2102 Graine de Trefle 6 ℥:
2104 1978 2479 2150 4 10:
995 2036 1377 2183 Sainfoin;
1619 2045 1821 2232 4 ℥.
985 2108 2942 2327 je consens que les Blanchards vendent 1/2 seytorée.
982 2257 2987 2443 de près ès Pey sierre Meseri soit détachée de tes hypo-
990 2354 2959 2541 teques pourvu qu'ils le remplacent par la pièce que
969 2477 2481 2591 Mr. de Meseri ieur donne en Echange;
961 2570 3012 2722 Billet à Mlle D–e. Mr. de Bottens me commu-
985 2656 2850 2836 nique sa réponse aux 2 lettres qu'il a recues du M.
977 2761 2132 2925 Raymond & d'Eleonore Polier;
932 2862 2959 3046 A l'ass. en 4 rober = 0:,, Janet =1j. Brouti = 1j
995 2976 1404 3118 = 80 Intes;
985 3086 2960 3255 Livré à Brouti à Compte de ses journées; - L 4.,,
990 3191 2625 3327 Beau soleil tout le jour, Girouette à la bise,
1013 3277 1816 3437 Bar 25/7: Th. 14 1/2.
678 3358 1061 3521 Dim: 25:
1080 3377 2941 3578 Mr. Bresson 9 h : St. François Pseame 16 & 20
1028 3507 2925 3684 Savourez & voyez combien l'Etérnel est bon, 2 parties
1017 3605 2982 3772 Mr. de Bons 2 h : St. François II Cor. V  & 1 nous sa-
1011 3714 2875 3858 vons que si notre habitation terrestre de cette loge
1009 3791 2998 3929 est détruite, nous avons un édifice de dieu une maison
1037 3913 2949 4070 éternelle dans les Cieux qui n'est point faite de mais.
1012 3974 1816 4113 3 parties, Aumones;
2976 4029 3085 4144 8:,,
1009 4047 2792 4258 A Pierre Janet payé 6 journées à 6 bats 1/2
1108 4181 2212 4348 = Trois Livres dix-huit sols;
2851 4188 3080 4343 3:18:,,
2630 4239 2711 4339 L.
2864 548 2981 681 de
2937 1782 3046 1939 2:,,
5118 243 5240 383 7
3767 302 4293 492 Avril 1762:
3319 465 5304 691 Billet de Mlles D–e auquel j'ai répondu tout de
2984 520 3312 703 Dim: 25:
3249 617 4682 776 suite; Arrivée de Mr. Busman;
3251 655 5214 877 Chez Me de Montolieu perdu en 4 robers 26 fiches
4546 800 4883 971 L 13:,,
3265 819 3749 945 aux 10 sols;
3253 873 4694 1053 perdu 1 pari à Mr. de Gentils = 4 L.
4959 880 5303 1075 L. 15:
4769 977 4876 1114 2:
3283 1003 4382 1123 Moitié Dalbenas, = 2 L.
3249 1082 5158 1258 Soupé chez Mr. Descloires, perdu 3 fiches au Bac-
3253 1185 5170 1358 gamon; = 3 sols; Beau soleil, tonnerres à la
3281 1279 5143 1465 montagne. Ouest, Est, Brise le soir, tems clair
3244 1379 4294 1568 Bar. 26/6 1/2; Therm : 13:
3015 1495 5214 1693 Lundi 26 : Diné au faublanc avec Mrs. D–s / B–s,
3273 1635 5208 1748 perdu dittòo 4 fiches en 3 robers aux 6 sols, = L. 1:,, 4:,,
3256 1729 5280 1895 Cartes = 2 sols; Veillé chez Mr. D–s gagné 4 parties au
3244 1812 4205 1976 Backgamon; = 4 sols;
3229 1912 4956 2095 Brouti = 1j. Blanc à Sechy = 103 Intes.
3263 2043 4568 2211 Le Gillairone = 1j.,, à 5 bats;
4737 2050 5327 2238 haut rouge fini;
3273 2148 4602 2343 Pierre Marguerat = 1j. à 7 batz 1/2.
3283 2253 4346 2412 Guignard = 1j. dittòe;
3305 2345 4640 2524 & Janet = 1j. à 6 batz 1/2;
3239 2438 5301 2647 Beau soleil, chaleur, Girouette nord-oues Bar. 26/5
3274 2558 3595 2702 T. 13 1/2;
3048 2619 3250 2795 Mardi
3267 2646 5370 2867 27 : Reçu d'envoi du Chatelain de Cully par Adam
3292 2781 5261 2969 Grillet les déclarations des 4 personnes; pr Françoise
3278 2862 3661 2985 Blanche;
3275 2924 5143 3115 A Mr. Clavel St. Cr & Chatelain à Cully.
3275 3053 5248 3230 J'ai bien reçu le paquet que vous m'avez expédié par
3284 3142 5306 3302 Adam Grillet, je vous remercie de votre exactitude
3307 3252 5294 3417 je vous préviens Mr. que demain mécredi 28 du cour-
3291 3355 5361 3537 rant on s'assemblera à 8 heures du matin pour faire
3292 3432 5379 3632 lecture de ces déclarations; j'ai l'honneur d'être avec une
3287 3539 4187 3700 considération distinguée
3252 3629 5332 3827 Au déjeuné de Me de St, Germain perdu en 3 robers
3298 3732 4624 3918 aux 10 sols, 18 fiches, = L. 9:,,
3280 3847 5447 4035 Au château en 3 robers gagné 3 fiches aux 6 sols = 18sols,
3317 3947 5230 4141 Cartes = 2sols; Soupé Chez Mr. Descloires 12 gagné
3308 4024 5000 4235 8 fiches aux 10 sols, = 4:,, Cartes = 10 sols;
