5762 4555
575 226 809 431 2
5067 213 5224 379 3
2931 491 3280 663 Dim 18 :
3717 284 4287 500 Avril 1762:,,
3305 416 5406 651 A l'heritier de feu Mr. J. Grardin Marchand Libraire
3240 577 3987 742 francò à Genêve;
3229 620 5289 837 J'apprends avec regret la mort de Mr. Grardin je vous
3227 755 5201 916 fais mes compliments affectueux sur sa perte; Par sa
3263 872 5257 1033 lettre du 16 fevrier dernier il m'envoyoit le mémoire des
3205 969 5363 1148 Livres fournis en 1761: je suis pret, montant à L16 de suite
3249 1075 5285 1234 à les acquitter je vous prie de me donner vos directions &
3245 1180 5291 1319 où me marquer si vous suivrez à sa correspondance ; il vou-
3252 1252 5339 1391 loit bien présenter mes Certificats de vie à Mr. le Résident
3264 1360 5398 1522 je ne sais s'il vous sera commode de me rendre le même service
3242 1455 4966 1631 j'ai l'honneur d'être avec bien de la consideration;
3235 1559 5229 1726 Payé à Moyse Mesmier à compte de son mémoire.
3247 1716 4662 1856 pour avoir mis en couleur les litteaux;
3248 1797 3766 1905 sa quittance
4880 1684 5215 1818 L. 48:
3230 1863 4989 2034 A Benard à compte de son mémoire pr les treil-
3256 1969 4548 2129 lages, quittance de Vingt francs;
4904 1962 5260 2105 L. 20:,,
3271 2061 4896 2242 Payé à Trassel pour Vin de Neuchâtel &
3253 2184 3586 2321 canard;
4031 2180 4171 2262 une
3971 2193 4731 2341 quatre Livre dix.
5141 2176 5325 2299 1:,, 10:
3272 2271 4927 2561 Payé à Romand pr. 4 milliers d'Echalas Deux Louïs neufs;
4883 2411 5238 2583 L. 32:
3201 2506 4891 2666 Avancé au dit Dix francs, sa quittance;
5103 2544 5266 2678 10:,,
3271 2600 4802 2804 26 L à porter à son debit folio 123:,,
3265 2726 4913 2922 Solvit le Compte du ménage, Cinq Livres un
3260 2813 3891 2958 sol trois deniers
5121 2827 5421 2977 5: 1: 3:,,
3249 2910 4954 3074 Je prie Mr. le Secrétaire d'aviser ce soir par la
3251 3044 4973 3201 poste Mr. le Châtelin de Cully le procès
3268 3116 5024 3278 dure de Francoise Blanche commencera mar-
3249 3199 4628 3398 di 20 du Courrant 9 h. du matin;
3272 3316 5054 3498 A la société chez Me Dalbenas perdu en 4 robes,
3272 3410 4066 3559 23 fiches aux 10 sols
4489 3444 4911 3599 L. 11: 10:
3022 3519 3226 3654 perdus
3285 3502 4967 3693 Pari contre Mr. de Gentils 4: fait = L 8:,,
3268 3619 4369 3758 moitié Dalbena; = 4 L.
3264 3702 5330 3879 Le Doyen de Crousaz fait remettre des papiers concernant
3269 3774 5255 3937 la famuille Daubonne, entre-autres deux vieux actes,
3284 3866 5277 4039 Avis de la Générale que la maison P–e est vendue de
3251 3963 5365 4150 Mr. de Bons; elle donnera son logement à Mlle D–e
3243 4072 5368 4235 Beau soleil, Calme, Girouette nord-Est Bar 26/8 : T. 12 :
