5453 4428
592 273 724 360 34
524 316 2746 459 préféré plusieurs sacs qu'il n'a pas voulu don-
540 430 2752 549 ner sur la fin du marché à 32 batz 1/2; Le froment
536 523 2764 651 nouveau paroissoir fort humide, il s'en est vendu
526 674 948 752 à 26 batz
512 731 2756 855 La chaleur a été des plus grandes, je souhaite fort
540 835 2688 963 que Mde la Baîllive n'en dit pas été in-
556 937 2768 1068 commodée, & que Vous vous soyez rendue heureu
518 1075 1636 1166 sement au terme désiré
510 1178 2756 1284 Je viens d'assister aux froids adieux de deux fem
536 1280 2728 1390 mes à Humeures incompatible, la jeune délais-
506 1395 2706 1502 sée part demain avec un laquais, ayant refusé
548 1509 2698 1616 l'escorte Deaux; L'armateur de la gloire écrit
530 1621 2680 1720 du 3 que Mr d'Erlach continu à le combler
522 1739 2702 1828 de ses bontés, que l'heureux Noviciat commence
522 1857 2770 1948 dans quatre jours, & qu'il a la permission de faire
534 1973 2742 2071 un tour au Camps pour étudier de belles manoeu
524 2067 738 2158 vres
1134 2091 2664 2182 Divers mandats malgré les fériés
522 2177 2524 2292 m'ont beaucoup tracassé pendant la vente
548 2280 2708 2403 un entre autres qui m'a fort surpris contre le Rd
546 2386 2700 2512 & minutieux Serbieres de la part du Conseil de
502 2493 2662 2622 Lutry qui a pris la liberté de l'amender à 4 batz
546 2613 2580 2728 pour manquement à la bonne police des prés
562 2723 2170 2839 j'ai préféré le parti de l'emettre ;
526 2822 2728 2965 J'ai l'honneur de présetenter mes hommages em
550 2932 2606 3052 pressés à Mde la Blve x de me dire avec les
558 3039 2610 3156 sentiments respectueux d'une consideration très
546 3143 2304 3279 distinguée, & d'un entier dévouement
1038 3349 2672 3490 Très Honoré Seigneur Baillif.
1284 3564 1908 3679 V–t–s h–e
1290 3670 2048 3771 & t–s o–t S–.
562 3747 750 3846 L–e
1272 3803 2546 3970 P–. de V–d Lt. Bl
564 3848 1112 3961 ce 11 Août
700 3963 942 4069 1770:,,
2948 214 3164 306 #
5076 233 5160 299 35
2880 307 5090 409 On baptisera demain la naissance obscure à Ecu-
2884 401 5116 515 blens, si Votre Seigneurie voyait quelque jour à
2876 524 5114 622 sauver au délinquant la confusion de paraitre à
2892 650 5138 742 l'inférieur, j'en pourrais d'écrire à la Suprême Cham
2874 770 5122 858 bre ; 9h du soir Bar 1, Ligne au dessous du beau
2880 886 4730 968 Therm : 18:, Sud-Ouest faible, Ciel net
3326 1040 4748 1150 Remis au Commissaire Crud ;
2918 1154 5026 1294 D'ordre superieurs, Monsieurs le Rd. Pasteur
2898 1262 5120 1404 des Eglises d'Ecublens & de St Sulpice pourra en
2898 1370 5048 1520 toute sûreté pour sa Paroisse administer le bap
2874 1473 5096 1631 tème à la fille qui lui sera présentée demain
2882 1579 4958 1755 de ma part. Il voudra bien inscrire sur son
2862 1706 4998 1866 Registre, l'Extrait baptistaire comme suit
2950 1836 5134 2028 "Jeanne Marguerite née à la Bordonette
2890 1966 5052 2124 " le 3 du Courant mois d'Août, fille naturelle
2886 2074 4898 2226 " de Dlle Jeanne Margueritte Lavanchy
2866 2190 4926 2336 " bourgeoise de Lutry, & donnée à Mr Jean
2874 2308 5032 2464 " Elie Piccard aussi Bourgois du dit Lutry,
2898 2445 3362 2528 " Parrain
2892 2527 3534 2628 " Marraine
2866 2640 5068 2806 Laissant un espace pour porter la date de
2890 2748 5142 2914 l'Arrêt du Suprême consistoire qui doit fixer
2882 2860 4988 3034 le sort de l'Enfant, lorsque la Procédure sera
2854 2974 4916 3144 finie; En témoin de quoi Scellé & Signé
2874 3084 4042 3230 Laus–e ce 11 Août 1770
3162 3430 5074 3566 L.S. P–r de V–d L–t B–f
