5884 4614
583 410 755 476 16
1435 446 2031 516 Juin 1757 ;
459 654 2770 732 Dim 26 : Fréquetes averses depuis la grele, Vens du
787 762 2774 856 nord ; Bar 2 degres au dessous de Changeans
783 878 2722 976 Therm 17 1/2 Tems clair dans la nuit, Bise
799 1042 1291 1104 Therm : 15:,,
443 1142 2790 1236 Lundi 27 : 200: On decide que le Bourg n'aura aucune
795 1258 2790 1340 competence dans le jugement qu'il rendrea en-
795 1382 2175 1440 tre le Metral & les particuliers;
767 1494 2742 1600 Rapport de Mr Muller a Mr le Baillif en
807 1590 2742 1704 ma presence, d'un sac trouve & retenu par J. P.
771 1722 2670 1820 Tiolaz meunier a Paudex le 7 du Courreur a
787 1838 2746 1944 9h du soir, pr lequel le dir de revoir engagé
787 1954 2682 2056 de 56 fl envers Oga meunier a Lutry qui la
787 2070 2766 2164 voir perdu; Ordre à Mr Muller de commen
783 2210 1623 2276 cer la 1ere Enquete ;
783 2321 2686 2391 La mise des Dimes est fixée au 9 Juiillet,
5201 386 5385 452 17
3930 474 4494 544 Juin 1757:,,
3070 618 5029 700 Lundi 27 Chez mr de Chandieu Village ga-
3390 742 5017 824 gané au Vhifr aux 10 sols, Cinq par
5369 846 5497 904 10:,,
5233 858 5345 912 2:,,
4717 866 4877 920 –
4957 874 5065 924 -L.
3394 878 4641 936 ties – Deux Livres dix;
5369 990 5517 1052 2: 6:
3378 994 4889 1060 Cartes – Deux sols six deniers;
3386 1110 5213 1188 Beau soleil, Chaleur, couvert dans l'apres
3410 1226 5265 1300 dinée; Clair le soir. Bar : 26/2 Therm : 16 1/2
3402 1338 4993 1416 Tems clair sans Vent, Therm 14 1/2;
3086 1482 5045 1552 Mardi 28:,, Clie me fournir un Cheval – s j.
3402 1582 5329 1664 pr aller a Vernand, Le mal est tres grand
3382 1674 5341 1772 j'avois evalue la perte aux trois cinquieme
3402 1798 5393 1884 c'est a dire qu'au lieu de 75 sacs, je compte
3386 1918 5369 2004 sur 30: Les Avoines n'ont pas infinimt. souf-
3374 2046 4981 2108 fer, je compte que les 1/4est perdu ;
3386 2170 5317 2244 Au chalet le mal est extreme, il faudra rese-
3394 2265 5389 2347 mer tois pauses, Les avoines sont totalement
3386 2397 3746 2455 perdues;
791 2469 2474 2551 Mlle D.l. me semer pour 1756 des 3/4
3390 2497 5117 2575 Chez Mr de Senarclens gagne au Vhife
775 2597 2534 2667 d'une Rente de Tontinue sur sa tête les
3390 2613 5033 2679 Cinq parties aux dix sols, - fait deux
3374 2721 3890 2791 Livres dix ;
771 2725 2438 2795 1752:,, 1753:,, 1754: 1755: etant perdues
3386 2825 4370 2891 Cartes deux sols six ;
787 2841 1451 2907 = huit Livres;
2678 2853 2790 2919 8:,,
3374 2925 5101 2999 Chez Mr de Chabot au 5 sols, au Vhife
779 2961 2606 3043 Fais moudre Deux sacs messel portes au
3394 3045 4809 3107 gagne dix sols = deux parties ;
767 3077 2195 3147 redir de la fourniere fol. 48:,,
3406 3157 4554 3223 Cartes, – deux sols six ;
755 3205 2582 3283 Les Granges de Vernand & du Chalet nous
3378 3273 4713 3339 Etiennes ditto, = dix sols;
771 3297 2706 3387 annoncant la Grêle qui doit avoir fais beau-
3390 3397 4526 3463 Audiber macon – 1 j.
763 3429 1399 3495 coup de mal ;
767 3513 2566 3595 La Grêle a frappé les hauteurs de Crissier,
3406 3513 5233 3587 Pluye douce jusqu'a 11h: Vens chaud, Bar
763 3617 2766 3703 Romanel Vernand, Monox, Lausanne & s'est arre-
3386 3625 5249 3699 26 1/2 Therm : 15, Orage terrible de pluye &
779 3717 2622 3811 tee aux Mouskines, nous n'avons en aucun
3390 3733 5177 3795 de Tonnerre a 7h Pluye le matin & dans
3390 3845 4442 3939 la nuit, Therm: 15: 1/2;
775 3849 1431 3911 mal a Chassi;
779 3953 2658 4023 Mandemen de l'Evêque de Soissons pris cher
791 4057 1655 4127 Verney = trois sols;
2790 4065 2906 4131 3:,,
5381 2729 5501 2783 10:,,
5329 3037 5485 3099 10:,,
5317 3293 5485 3351 10:,,
