5434 4428
614 211 704 290 78
526 266 2638 385 merveilles, je proposais de faire un peu de
538 362 2712 487 chaleur aux plantes de la serre, mais on
528 480 2632 597 a dit que l'eau n'y avait point gelé, ce
532 622 1824 717 qui est je crois suffisant
552 719 2708 840 J'ai l'honneur d'être avec les sentiments
552 833 2524 940 les plus respectueux & la consideration
544 946 2658 1057 la plus distinguée, Mr. mon très honoré
1284 1064 2482 1200 V-e t-s h-e & t-s
524 1096 1134 1191 Patron;
1375 1165 2674 1287 o-t S-, P-r de V-d
1323 1293 2280 1397 L-t B-f
538 1267 1323 1369 Lausanne ce
538 1373 1194 1475 12 février 1772:,,
572 1517 2718 1613 P.S. En cet instant on vient m'annoncer la
560 1620 2722 1723 mort du Min; Dugué, il a fait tout met-
538 1734 2724 1839 tre sous la clé & l'on me demandait un drap
542 1851 2580 1959 pour l'ensevelir, j'ai prié Mr. de B–r
534 1973 2590 2061 de s'y transporter & de faire le nécessaire.
584 2084 2662 2187 Mr. Sgx m'écrit qu'on a trouvé un beau
568 2198 2592 2307 grenier vacant qui peut contenir 2500 à
564 2316 2556 2419 3000 sacs, c'est celui de Mr. le Major
566 2434 2684 2543 Constant, situé à ce que je crois à St.Lau-
562 2548 2720 2663 rent, il me semble qu'il répondroit bien au
542 2664 2684 2773 but de l'Il. Chambre, puisque toiute la
566 2791 2680 2890 provision pourrait à peu près s'être ras-
560 2889 1076 2982 semblée.
542 3004 2676 3118 Le brave Régent Bron de Lutry arri-
566 3109 2616 3232 ve avec l'effet du Mandat de V. Sgrie
570 3228 2572 3351 du 5, il est liberé de ses arrêts; mais ces
570 3342 2642 3471 Mrs du Consistoire instent de leur au-
590 3458 2610 3587 torité le Gagement, ce que je ne crois
562 3582 2706 3701 pas dans la règle, je sens d'un autre côté
606 3698 2702 3823 qu'ils fuyent la Justice, parce qu'ils ne
602 3834 2664 3914 veulent pas sans doute qu'elle modere
2326 3926 2346 3976 à
590 3926 2692 4051 leur Liste, il me semble qu'il y a un peu
2890 260 5038 374 d'embarras, je revois le Paragraphe 3 fol
2874 396 5112 501 98 du Code Consistoire sur lequel je
2886 510 4870 619 m'étais fondé, il n'y est parlé que des
2884 629 4894 740 Amendes; je pencherais à dire que ces
2880 743 4890 862 cas qui sont Fort rares devraient être
2866 860 4912 987 portés à la décision sommaire ou par
2866 980 4954 1122 appel des Sgr. Baillifs; & en consé-
2862 1106 4988 1247 quence je vais suspendre l'effet du pré-
2854 1222 5026 1379 tendu gagement jusqu'au bon retour de
2850 1344 4990 1488 Votre Seigrie; Elle voudra bien à quel-
2874 1462 4944 1598 que moment de loisir prendre connais-
2878 1576 4922 1720 sance de la vraye marche, vû le défaut
2902 1700 3420 1812 du Texte.
3274 1836 4752 1970 Du Vendredi 8 Février 1771:
2872 1940 5102 2100 A Mr. Tschanner Très Honoré Seigneur
2888 2088 4124 2216 Baillif de Lausanne,
2902 2224 4284 2364 Mr & très honoré Patron!
2882 2352 5056 2528 Mrs nos voyageurs de marti m'ont bien fait
2878 2484 4964 2642 plaisir de m'apprendre que la route était
2894 2598 5034 2764 sûre & gelée, j'espère que Votre Seigneurie
2886 2724 4958 2889 se sera rendue heureusement à sa Destina-
2902 2844 4872 3013 tion & dans le temps qu'elle avait compté,
2898 2969 5052 3151 j'ai l'honneur de lui communiquer la Lettre
2896 3089 4878 3285 avec emp'ressement des Sgrs de la Haute
2886 3220 4964 3426 Chambre; elle est un peu plus consolante
2902 3356 4968 3552 que celle du 4 de Janvier, ça été une bien
2910 3484 4988 3658 grande satisfation pour moi de voir ma
2906 3608 5010 3786 conjecture réalisée; Votre Seignie auras vû
2920 3748 4936 3906 qu'il n'y avait que deux membres présens
2926 3892 4956 4040 lors de ce premier délibéré. J'aurai bien dé-
