5584 4614
1450 205 1778 261 Le Ciel
328 247 2757 357 Samedi 18 aout ; l Vous redonner des jour
411 384 2709 470 plus heureux % plus agréable à tous
405 510 2686 583 égards. Notre cher malade qui parois-
387 617 2739 703 soit il y a huit jours selon ma derniere,
393 742 2686 828 assez bien repris de l'accident de mal
423 874 2727 948 de gorge, se paint de nouveau des pré-
393 999 2703 1073 cédens désordres, les crachats l'incommo-
405 1118 2668 1204 dent effectivemen au poins que son
405 1244 2471 1330 sommeil en a beaucoup troublé ;
387 1387 2721 1461 Tissot vient d'ordonner des poudres qui
429 1494 2697 1586 paroissent apporter quelque soula-
435 1620 2662 1700 gemens A quelque chose malheur
405 1727 2715 1819 est bon dit notre Patieux les jambes
423 1841 2626 1932 ont tout a fait désenflé & repris leur
435 1954 2697 2046 état naturel. Il est bien sensible à l'in-
399 2073 2638 2165 téret que Vous avez pris à son mal &
417 2199 2530 2291 Viens remercia de vos effort ; // ; pour
405 2312 2656 2428 nous écrire. La nouvelle du délibéré
417 2420 2781 2535 des états de Hollande étoit tout à fait
405 2539 2697 2631 ignorés ici ; Vous voyez que la Gazette
417 2658 2727 2750 de Leyde duu 20 d'Aout arrivée ce matin
405 2772 2650 2864 n'en fait aucune mention nous avons
405 2885 2727 2977 été en frand différend Mr D–e & moi
382 2999 2554 3102 sur printen prétation de Vos termes
411 3124 2769 3234 " les appointemens suspendus au 1er janvier
417 3237 2751 3365 " 1785 a raison de ce qu'il a été dit dans
423 3369 2691 3472 plusieurs gazettes qu'on ne retancheroit
417 3500 2745 3592 point les honoraires ; Quoi qu'il en sait
399 3607 2763 3717 si la retraite a lieu & qu'elle ne puisse
453 3721 2781 3849 être parée par aucun moyen de simple
483 3840 2650 3950 protestation, je me plais à espérer
465 3960 2757 4063 que les esprits irrités ; // ; se calmeront suc-
471 4073 2638 4189 cessivemen & qu'on verra paroitre les
477 4204 2596 4308 lueurs d'une paix douce & utile à
2871 277 5318 351 Samedi 28 Août tous les partis, Encemoniene
2865 372 5312 458 arrive le fidelle Cassat qui fait une
2859 510 5169 589 longue histoire sur deux Louis
2877 647 5270 709 que Mr de Villars a remis à Mr le Secre-
2888 754 5306 840 taire au compte Amaron & le tout finis
2900 880 5306 960 par me charger de Vous prier de la part
2883 1005 5145 1091 de Mr le Général Crelon les effets de
2859 1118 5169 1216 sa bonté ordinaire, ) des donnes que ces
2888 1244 5204 1330 deux Louis ressorten de la Caisse en
2900 1369 5169 1455 faveur d'un certain ( qui les reclame à
2912 1494 5252 1580 cors & é cri. Un abbé de Bourbau fils
2894 1608 5270 1700 de Louis XV & qui lui ressemble beaucoup
2906 1721 5121 1819 a passé plusieurs jours ici, il proteste
2930 1847 4978 1932 qu'il ne s'est jamais tans diverti
2972 1954 5055 2052 les maisons Cerjat & Meckon y ont
2912 2068 4470 2165 essentiellement contribué.
2888 2187 5198 2291 Cy a joint une Note écrite par Mr dor-
2972 2300 5175 2416 gei, la Veuve mere de Jaques, Aum-
2906 2444 5192 2535 ron promet de rendre après à vendan-
2942 2551 5151 2649 ges deux louis qu'il faut donner au
2906 2664 5264 2774 P. Bron horloger & bourgeois a la hayes
2930 2808 4858 2905 plus 3f1 4 % 12 el. argesu d'hollande
2900 2945 5169 3067 Mandé au Genl. Lettre martique 21 Août
2888 3070 3354 3156 Versailles
3378 3112 5181 3192 Il a des Segn ; il recuessie
2900 3196 5234 3305 de 18. de gratig dit qu'il sesa praje en
2888 3315 5240 3419 Mai 1785 1378 & autaasin en Mai 1786 il
2888 3428 5216 3538 effrira peur un petit Interet d'acquitte
2930 3548 4166 3640 la - tout a cette heure
2888 3649 5013 3747 A l'hotel de Ville on finit, la Vente des
2871 3751 4572 3849 Tirons, ils sont montés à
2865 3858 5240 3956 Le consl. François sollicita un Ordre pour
2877 3978 5181 4057 arracher sa moitie des Vignes il dardera la
2871 4091 5187 4165 plus mauvaises ; Mercier cherchera de souca
2877 4192 5079 4266 ent un Charlatan il a ecroué plusieurs
2900 4300 4894 4380 fois, on na croit point Blatons;
