5584 4914
330 414 475 497 56
475 340 2646 483 Vu Mr. le Blf qui est de retour d'Au-
444 448 2640 579 bonne depuis le matin ; Remis 2 lettres de
472 550 2712 695 la Chambre oeconomique reçues hier & que
462 709 1636 813 je n'avais pas ouvertes ;
456 783 2690 923 Informé de l'affaire de Reynier, & de celle
512 904 2636 1047 de Jean Puerre Borgeaud, le tout est ap-
462 1080 838 1156 prouvé ;
476 1156 2656 1260 Beau soleil par intervalles, Vent très fort
450 1284 2608 1397 Nord ouest le soir, Bar. 26/3 Therm :
454 1410 1568 1521 14 le temps fraichis ;
456 1548 2732 1665 La mere Lamoureux 3 enfans du 1er lit, 2 fille
454 1668 2646 1791 & 1 fils est fort allarmée de l'établissement
454 1798 2630 1919 du Tuteur Aliviera, qui parle de vendre
466 1910 2670 2041 une maison & 3 ouvriers de Vigne pour
446 2026 2306 2161 subvenir à l'entretien de ces enfans ;
410 2220 2690 2351 Vendredi 2 Août, La nouvelle d'une grande
450 2342 2612 2495 victoire remportée le 21 Juin sur les Turcs
436 2468 2678 2617 près de Bucharest en déça du Danube par
462 2588 2702 2753 le Gens Rephin est confirmée par l'article
494 2712 2576 2891 de Varsovie 4e juillet ; Schaffausen
472 2828 1312 2965 21 Juillet N°61
474 2954 2614 3149 N. Diserens propose Oncle maternel de
462 3102 2598 3265 Jean Pierre Borgeaud detenus dans les
454 3222 2576 3389 prisons, avise avec un autre Parens sur les
454 3336 2638 3509 moyens de dégager le Borgeaud; je leur pro-
438 3460 2692 3633 pose de Ganenger pour permettre à Mr. le
462 3600 2704 3749 Blf de le tenir sous leur main pendant six
470 3720 2630 3869 mois, & de répondre de sa bonne conduite ;
474 3860 2540 4053 Depuis les bords du Danube par Kiew
526 3994 2516 4163 à Petersbourg on compte 2200 Verstes
516 4112 2466 4269 soit 314 Milles d'Allemagne, ce qui
544 4238 1460 4369 serait 628 lieux ;
818 4394 2350 4511 A 6h. du matin Therm : 11 1/2 ;
5161 381 5302 482 57
3108 391 5161 514 Notice des Communaux qui ont été
3060 529 4898 642 semés dans le Ressort d'ete au
3090 663 5154 767 Printemps 1771 d'après l'Annonce de
3104 789 5052 901 Sa Seigneurie Baillivale du 24
3102 930 3734 1058 8bre 1770:,,
2930 1149 3620 1254 Froideville
4718 1163 5166 1276 94 Sacs ;
2932 1315 3932 1446 Villars Tiercelin ;
4726 1339 4952 1454 62:,,
2938 1477 4406 1596 Montabion & Chardorrey
4686 1497 4890 1622 18:
2944 1677 3684 1818 Dommartin ;
4742 1673 4870 1778 25:
2972 1841 4108 1978 Villette ou Echerin ;
4710 1843 5222 1958 43: 49
2966 2033 3300 2152 Pully
4758 2023 4926 2130 20:
2958 2203 3308 2294 Cugy
4732 2245 4984 2362 19:,,
3000 2414 4658 2498 Crissier à la Vernia, en plan-
3050 2503 4472 2621 tage, pommes de terre
3102 2614 4768 2751 orge, avoine & c le tout passable
2986 2737 4672 2882 quoi qu'il ait un peu souffert de
3010 2863 3952 2996 l'ombrage des Coin;
4832 2913 4976 3024 6:,,
2930 3020 4610 3168 Romanel au Marais, Avoines
3448 3162 4042 3276 assez belles,
4832 3177 4960 3294 5:,,
2940 3321 4724 3457 Espalinges ; Avoine avec un peu
3098 3458 4752 3570 de Segle, à la Sabla ; au petit
3016 3558 4230 3682 Cerisier, à Co Genevre ;
4864 3603 5214 3708 5: 39
2964 3708 4572 3846 Belmont, Graine de Printemps
3216 3855 4484 3979 les Esserts, En mollie Pertet
3344 3982 4234 4092 à la Borna ;
4830 3977 4934 4078 8:
3930 4135 5214 4288 Total ; 304 :  7g
