5884 4675
484 214 606 374 56
902 207 2916 429 – Du Samedi 1er 7bre 1781 –
600 415 2750 565 Mr Duveluz retire la Copie de
698 529 2792 691 l'Acte de Vente de la Vigne
620 657 2844 815 Marcel, qui fait voir qu'elle n'a-
572 771 2898 939 voit coûté que 900++ à Jean Bap-
638 929 2890 1052 tiste Des Rois, il voit avec peine
630 1043 2764 1174 que le Procès aura lieu, étant
626 1118 2823 1297 éloigné de donner plus de 1200:++
734 1307 2884 1441 Jeanne Monnet vient de Villeneuve
614 1427 2714 1563 elle n'a eu aucune nouvelle de ses
678 1545 2892 1691 Parents 7. h. du soir, mandé Pache
618 1659 2814 1817 qui récrimine, & parle d'un certain
638 1799 2856 1939 Magnena Valet d'Anglois, il recon-
546 1941 2882 2061 nait a la paternité si L'Enfant nait
574 2075 2878 2189 à la date de Xbre, la fille insiste sur
604 2183 2946 2311 tout Jnavier son billet de congé de
598 2319 2828 2453 Mde de Pöllnits étant du 1er Fevrier
614 2469 2904 2577 1781:,, On n'inscrit rien, elle est renvoy-
596 2577 2493 2717 ée à Grancy chez ses Parens ;
602 2714 2838 2846 Recharge Vauthey de Sugnens, pour
676 2844 1530 2958 la Requête;
650 2969 2760 3083 Courier n°14 Vendredi 17 Août;
658 3060 2912 3231 M. Chavannes 2h. St. François ; 1ere
582 3244 2968 3345 St. Jean, Chap. 3. & 1. Enfans de dieu,
602 3350 2720 3479 2° Sermon, disgrace du Chretien, ses
666 3489 1954 3594 ressomces; Aum.
2460 3501 2936 3589 6 sols ;
632 3614 2780 3721 Fille Novera ci devant chez
772 3717 2912 3833 l'Obonssier, connue de la Blanc
688 3842 1788 3960 servante Timtaz ;
676 3962 2782 4064 Au Château, on rassemble toutes les
752 4065 2972 4188 Lettres, On expédie la Lettre au magis-
676 4165 2936 4305 trat de Danzig ; 6 picèes & la Lettre de Mr
646 4297 2924 4427 Fillion Blf. de Rothenberg ; il est écrit à
5428 240 5564 333 57
3136 239 5350 406 Samedi 1er 7bre Mr. Fischer pour re-
3166 401 5452 512 commander ce Paquet, & lui don.
3156 528 5412 619 ner cours Gratis en faveur des Pau-
3874 629 4472 712 Barraud
3174 622 3446 720 vres;
3140 726 5528 841 Jean Abraham de Bussigny présentoit
3210 836 5514 969 Requête pour obtenir qu'on repas-
3180 980 5476 1097 sât sur son affaire; Courlat composi-
3100 1096 5544 1229 tens, il plaide sa pauvreté ; reproche les réjouis
3152 1220 5494 1359 sances qu'on a faites cette nuit, on tiroit
3176 1344 3940 1481 le Canon ;
3130 1482 5556 1611 Mr Roquin assignoit Colliun pour avoir
3162 1624 5448 1721 amené Caisse de Vevey expédiée de
3120 1733 5458 1850 Bâle à Papui & D'autrui, il vouloit l'a-
3148 1854 5394 1981 mender de 4++ ; Collin disoit qu'il avoit
3108 1988 5262 2111 mal aux genoux, & ne pouvoit monter
3124 2118 5434 2244 qu'en Voiture; on lui pardonne; qu'il
3100 2257 3972 2360 se tienne avisé;
3138 2374 5430 2487 joint par le Rof Slehl. à la Palud, on Le
4264 2486 5140 2603 Le Mar. rentré;
3140 2506 4212 2604 quitte à Pepinet;
3222 2591 5426 2714 Beau soleil, Chaleur midi; 21; Calme
3158 2746 4698 2851 Bar 26/10: Therm. 18 1/2;
3168 2886 5308 3009 Dim. 2. 7h. St. Francois M. Crousaz
3216 3016 5466 3149 Pseaume 13 & 28 m'approcher de Dieu
3158 3122 5450 3281 c'est mon bien, 2 parties ; = aum, = 5 sols
3148 3234 5402 3403 3/4 Convers avec Slehl. jusqu'au cercle,
3140 3354 5472 3523 vieille femme beaucoup de merite ruiner de
3164 3491 5390 3643 Penseprolis l'Esculasse relevé sur une er-
3105 3593 5405 3749 reur ; Roman bridel cadet sur un Mr. de
3172 3722 5442 3883 la Lande mort à l'hôpital ; Albert ne
3140 3851 5392 4001 voit point d'un oeil, & peu de l'autre, il
3152 3971 5396 4125 étudie malgré lui Mde Hecker veut
3200 4108 5280 4246 qu'il soit Ministre, afin qu'il ait un frain ;
3168 4228 5308 4368 le bruit court qu'ils viennent à Coppet ;
