5584 4914
424 463 584 556 76
584 425 2650 558 Juges dans les Causes Matrimoniales de
528 575 2168 690 la Ville & Canton de Bâle;
480 735 1804 844 Pour copie collationnée ;
787 825 2790 1052 Chancellerie du Supremme Consistoire
446 1147 2538 1260 Lausanne, Nous le Président & les
560 1285 2792 1400 Assesseurs du Supreme Consistoire de la
528 1422 2452 1540 Ville & République de Berne ;
604 1545 950 1654 Salut !
510 1681 2796 1833 Selon le contenu de la lettre que le Louable
518 1798 2748 1941 Consistoire de Bâle Nous a écrite de nou-
526 1908 2608 2061 veau en date du 28 du passé & dont ici
486 2031 2852 2192 Copie; Marguerite Walther de Dürrenässel
532 2173 2716 2322 Paroisse de Lutwyl fait présentement
526 2293 2730 2451 dame de mariage, contre Charles Bergier
526 2414 2682 2565 de Lausanne; Nous env Vous enjoignons
550 2548 2810 2684 de lui donner communication de Dite Lettre
562 2660 2562 2802 afin que dans son tems, il soit pret à
590 2775 2724 2929 donner ses défenses ; Sur quoi Nous Vous
542 2879 2664 3042 recommandons à la protection Divine;
546 3007 2658 3174 Et chargins amiablement le secretaire
522 3149 2724 3291 de Votre Consistoire de retirer des mains
518 3277 2690 3423 du dit Cha Bergier pour Emolument
542 3402 2812 3549 dû à Notre Chambre 196 batz, qui devra
534 3514 2774 3667 envoyer incessament à Notre Secrétaire
570 3625 2618 3792 ad. Interim de Greyen; Donné ce 4
520 3755 1142 3904 Juillet 1771:,,
2926 373 5174 501 Jeudi 15:,, Jean François Almeras rend com-
2928 495 4998 629 pte de l'inventaire des biens des 3 pupilles
2912 615 5034 751 Lamoureux, montant à 1543:,, en convient
2932 733 5068 863 avec la mere qui s'est remariée en secondes
4976 826 5016 875 ++
2936 878 5200 971 Noces; avec N. Porchet, de lui passer 120 par
2924 961 5248 1105 an pour l'entretien de ces 3 enfants, on fera un
2912 1085 5258 1223 emprunt jusqu'à la concurrence de 200 pour
2916 1215 5098 1347 aider à vivre, & la incre tiendra compte des
2928 1341 5182 1469 loyers de la maison & de la moitié du revenu de la
2932 1503 3676 1593 Vigne ;
2896 1649 5156 1757 Reçu de M. RL. Marcel à compte de Vin
2926 1777 3328 1867 de 1770:,,
4634 1801 5012 1891 L. 150:,,
2910 1899 3410 1972 Bordereau
4298 1950 4430 2039 32:
2932 1996 3294 2075 2 Louis ;
4292 2087 4448 2181 76:,,
2956 2098 3608 2178 19 Gros Ecus;
4278 2197 4654 2295 12:,, 8:
2968 2193 3620 2303 1 Mirliton ;
4808 2305 5012 2395 150:
2972 2320 3668 2417 6 petits Ecus ;
4266 2325 4442 2435 12:,,
4266 2459 4460 2547 11:
2940 2451 3944 2559 22 pièces de 5 batz ;
4306 2571 4418 2651 6:
3004 2585 4102 2680 6 pièces de 10 batz ;
4462 2683 4638 2773 12:
3092 2689 3500 2780 Valeur ;
2924 2796 5274 2925 Cent Cinquante Livres à porter à son Compte
2922 2946 4466 3037 fol. 338:,, point de Quittance ;
2940 3021 5196 3159 La soiré au Château; Avisé Mr. le Blf
2950 3163 5160 3275 que je prendrai les deux Officiers Konig
2946 3287 5042 3399 & Hertig pour entendre la déclaration
2948 3411 5036 3525 de Elisabeth Kingguen Veuve d'Antoine
2948 3539 5104 3637 Witkers de Richenbac, à l'instant de sa
2958 3649 5164 3761 couche, elle est domicilée au bai de Vaud ;
2938 3764 5182 3877 Il s'éleve à ce sujet une contestation sur le
2958 3878 5154 3993 Consistoire Allemand, les Rescrits des 14
2950 4007 5254 4101 Mars & 14 Mai 1765: ne le révoquent point
2978 4127 5112 4229 & cette affaire sera présentée de nouveau ;
3018 4229 5056 4353 Cassat remet sa réponse du Conseil au
2998 4339 4992 4465 sujet de l'incercération de Pierre Marc
3098 4459 4512 4583 Gay ; il soumet cette affaire :
