5402 4375
346 217 490 317 16
608 303 2222 411 – Du Dim : 12 fevrier 1775 –
392 467 2560 589 Moi soussigné Johannes Renffer
466 639 2446 739 de Lengnau reconnois avoir reçu
426 795 2414 893 de Mr. de Vernand Seize Livres
412 935 2442 1055 sept sols qu'il doit au R. Daniel
434 1097 2608 1211 Favre fabriquant de Lengnau, pour
432 1255 2424 1365 marchandises ouvrées, lesquelles je
406 1419 2482 1519 lui ai apportées Dim : 29 Janvier
434 1567 1668 1671 dont la facture suit
400 1736 2200 1846 23 Braches tricotage à 5 sols la
522 1866 870 1964 pièce;
1926 1881 2248 1979 5++: 15
428 1978 1696 2105 Teinture bleue 10 sols
1938 2083 2034 2182 1:
466 2112 1664 2217 par pièce; 2 pièces,
390 2247 1770 2359 Pour fouler à 2 batz par
2132 2317 2328 2415 12:
664 2406 1052 2498 Pièce;
1942 2445 2068 2539 6:
424 2470 1816 2601 6 Paires de Bas à 10 batz
1934 2615 2056 2709 3:
392 2613 1720 2739 4 paires rentés à 15 sols,
1914 2743 2038 2840 16:
2136 2745 2228 2853 5
590 2830 1232 2937 Bordereau
1222 2926 1622 3028 = 16
564 2963 1204 3057 4 Gros Ecus
1664 3016 1780 3103 7:
722 3071 1198 3153 Valeur
1466 3126 1700 3216 16: 7:
732 3265 2356 3340 : 7. dont quittance mon dit
622 3348 2478 3509 Sieur au nom de Mtre Favre
604 3501 2214 3624 Lausanne 12 février 1775:
546 3679 2402 3795 Au débit de la Caisse ; = 16++ 7:
572 3821 2400 3931 Tems couvert, orageux, Sud-ouest très
594 3960 2430 4033 fort, averses fréquentes Bar. 25/1 1/2
646 4067 2066 4180 sous tempête; Therm : 5/0
5029 215 5148 281 17
2880 288 5154 396 M. Barclet prétendu associé de Mar-
2868 404 5056 544 tin Schaffer dit qu'il a fourni tout
2900 550 5080 682 le pain aux français depuis le 1er Jan-
2920 694 5040 828 vier, & que Schaffer doit avoir 24: de
2898 862 4210 968 bon auprès de Gely;
2884 936 5104 1092 Ce n'étoit point en payement que Schaf-
2888 1058 5014 1218 fer avoir donné le Louis faux à Strelin
2896 1192 5108 1348 il l'avoit changé sur le table, comme le dit
2880 1398 3976 1496 avoir le dos touné;
2856 1476 5008 1622 Schaffer avoit encore changé 1 double
2810 1584 4962 1762 Louis à Barclet à l'entrée de la nuit
2886 1698 5114 1900 qu'il remit à Fanchon Sechaud, & qui s'en
2900 1860 5062 2024 trouvé faux: la femme de Schaffer l'a
2872 2008 4738 2154 retiré mardi dernier 5 du courant;
2844 2160 4966 2296 Mr. Secretan présente son fils agé de
2876 2288 5070 2436 pour informer au sujet de la Cause de
2896 2414 5038 2570 Michel Blanc contre la Ville de
2864 2548 5060 2706 Lutry; au sujet de l'habitation exigée à
2974 2756 3522 2858 40 florins;
2878 2905 4360 3003 Thomas Pickle 3 & 4 Vol.,,
2924 2962 5136 3129 Lun 13 Cour Bail. complette 8h. du
2932 3126 4844 3262 matin ; Décrétation du Testament
2936 3238 5002 3400 Pavilliard; Jean François Diserens de
2936 3384 4864 3526 Pandex parait au nom de son nom
2930 3498 4906 3664 Pere Etienne Humbert Diserens, & de
2942 3628 5136 3784 Vincent Pavilliard d'Orny, cousins ger-
2952 3788 4496 3912 mains & héritiers du défunt;
3000 3906 4936 4034 le Curial Platel paroit au nom des
3100 4028 5138 4137 deux Soeurs Rolland, cousines germaines
3652 4147 4148 4211 & héritières
