5402 4375
386 282 532 373 95
532 242 2592 369 Examiné le Cahier du Décret de
492 377 2400 509 Jean Etienne Bujard, les dettes
2372 470 2604 573 Voyez
498 528 1472 635 montent à fl.
484 622 2378 777 Examiné les Comptes de Mr. le
472 756 2674 939 B–r, De Illens dès St. Michel 1773 à
522 908 2416 1071 1774:,, dressés par Mr. le justicier
552 1040 2636 1202 Rosset, 49 pages c'est le 1er compte;
552 1231 1008 1314 Voyez;
1332 1312 2020 1389 Grand Conseil
506 1327 2650 1473 LL. EExres du Senat 21 Mars, ayant
456 1518 2604 1633 trouvé que la réquisition pour avoir
460 1658 2620 1779 du Gips d'Aigle étoit fondée sur le
552 1788 2652 1919 Rescrit du 25 Mai 1774: en envoyent
520 1938 2546 2061 la Copie à Mr. le Gouverneur d'Ai-
512 2080 2564 2201 gle, afin qu'il soit suivi aux Termes
482 2240 1600 2341 de l'Ordonnance;
484 2358 2296 2475 Lettre du Cons. Sup. 20 Mars 1775:
492 2472 2654 2611 Etienne Louis, fils naturel de Lydie Mat-
456 2616 2558 2739 they adjugé comme illégitime à la
456 2738 2600 2869 dite devant porter son nom être de sa
426 2880 2520 3003 Bourgeoisie & entretenu par elle;
460 3040 2488 3149 puisqu'elle n'a point suivi les Loix
464 3172 2464 3285 & que L'accusé Chantian Hybena
476 3298 2632 3419 de Francfort sur l'Oder ne peut répondre
478 3444 2352 3559 étant abstent; Emol. 90 batz si ses
458 3585 2622 3676 facultés le permettent; 10 jours de prison;
460 3698 2618 3812 On apportoit 22 Mandats au sceau pr
504 3811 2576 3934 les Revues, dates du 21, comme ils sont
524 3946 2496 4052 sous le nom de Mr. le Blf; je les en-
606 4070 1856 4168 voyer à Mde la Blve;
4958 257 5106 359 96
2884 260 4472 369 Lettre du Cons. Sup. 20 Mars;
2856 363 4856 502 Jean-Louis fils naturel de Jeanne
2866 505 4920 628 Chapuis de Grandevaux est adjugé
2876 642 4884 751 à la dite comme illégitime, devant
2868 764 5036 873 porter son nom être de sa Bourgeoisie
2886 892 4946 1002 & entretenue par elle, puisqu'elle ne s'est
2904 1025 4972 1134 point conformé aux Loix & que Jean
2908 1152 4980 1266 Henri Friegen à nier de Pisy à nié la
2930 1283 5040 1417 Paternité; 90 batz si ses facultés le per-
2902 1429 5068 1545 mettent pour l'Emoluement de la Cham-
2920 1569 4892 1679 bre; 10 jours du prison in loca delicti
2888 1707 5090 1849 Accordé le Recours à Marie Françoise
2880 1845 4932 1989 Thuillard femme de François Delisle
2876 1987 4848 2123 de la sentence rendue en Sommaire 18
2880 2115 5008 2263 Mars; contre le Châtelain de Monthe-
2864 2233 4986 2393 rond & le défenseur du Décret de son mari
2864 2361 4912 2525 par devant Sa Grandeur, pour le Lundi
2898 2499 4740 2654 1er Mai; un seul député suffira;
2978 2677 3294 2785 Gratis
2956 2773 5084 2933 Mandat aux Gouverneurs & Bourgeoisie
2940 2881 5076 3063 de Riex, instant Jean Borgognon Vi-
2944 3039 5030 3204 gneron de Mr le Cons. Fomeret pour
2920 3173 5076 3342 réparer le Chemin qui va dès les Monts
2936 3285 4938 3481 au dit Riex, près de la Vigne de
2960 3435 4784 3615 son Maître lieu dit Es Granges,
2972 3585 5016 3751 Commination de le réparer à leurs frais
3120 3777 3484 3877 Gratis;
2982 3817 4996 4007 Remise de la liste imprimée du Cercle
3100 3993 4600 4123 80 membres, 15 honoraires;
