5702 4614
2942 247 4440 315 Samedi 15 9bre, Foire Etrennes
244 253 2709 345 16 le Cons. Curtat 3h. me vient prendre pour aller chez
5013 253 5342 309 1: 10:,,
2996 325 4602 416 Copie du Samedi 15 9bre 1777
316 378 2733 464 la Dlle Constant elle reçoit très froidement, s'anime
3008 414 5276 524 Doit Mr. de Vernand au soussigné Pierre
316 492 2697 578 lorsqu'on parle de la remise des Créances, se bouche
3085 528 5151 625 Leyvraz pour comestibles à lui fournis
292 605 2626 703 les oreilles se met impétueusement à la fenetre &
2978 653 4297 745 20 L. Beurre à 18 Crutz
280 719 2572 804 crie à pleine voix quelle veut se marier, jette la
2948 766 4351 870 93 L. Fromage à 12 crutz ;
4948 778 5294 846 25: 18:
304 826 2554 912 cassette de ses créances à terre, dit qu'on en veut à
2972 904 5294 989 Reçû Trente six Livres dix-huit sols; 36:++ 18:
316 927 2674 1013 son bien ; tout cet orage cesse ensuite & il paroit enfin
2966 969 4500 1109 Bordereau 9 gros Ecus, = 36++
328 1053 1951 1127 qu'elle adherera pour les Créances ,
4184 1083 4482 1151 . 18:
3641 1095 4124 1162 Valeur ;
4208 1142 5306 1240 36++ 18 dont Quittance
328 1148 2590 1246 Nuageux, Couvert tout le jour, Calme girouette
2936 1232 4781 1300 Mon dit Sieur Lausanne 15 9bre 1777.
322 1292 2250 1359 Nord-ouest Bar. 26/8: Therm: 4 1/2 ;
2966 1327 4202 1401 Signé Pierre Leyvraz ,
4906 1387 5324 1449 36:++ 18:,,
2954 1423 4661 1509 A porter au debit de la Caisse ;
304 1429 2620 1497 Samedi 15:,, 15; Représ. emire & Ajor Opera en 4
358 1518 2739 1610 Actes de Gretry, précédée de la Feinte par amour
2954 1530 5306 1634 Wagniere dimeur à Belmont remet l'état de la
2978 1614 5276 1730 Vendange, avec les quittances à la Cour fesant
352 1644 2524 1718 Comédie nouvelle en trois Actes en Vers de III.
346 1739 2668 1819 Dorat qui n'a jamais été représentée en cette Ville
2984 1769 4214 1837 23++ 10: au lieu de 23: 4:
4924 1847 5360 1921 15 sept. 4:
3014 1859 4769 1950 Ma portion dans la Fuste à moi N°1:
334 1882 2691 1950 Engagé Marie Menetrey de Pully-le grand pour 1778
5115 1954 5366 2010 24:
3014 1966 4602 2064 Plus dans la Courte commune ;
352 1996 2668 2070 en qualité de grosse servante prix fixé à 32++: 10
4739 2062 5192 2118 Sept. 18
358 2109 1725 2183 donné d'Arrhes à la dite ,
2321 2109 2465 2171 2:++
2978 2151 4918 2237 Notive des nouvelles Plantations de Vigne
304 2211 2632 2297 quittance du Pere Jean Philippe Menetrey, qui a
3002 2247 5467 2344 31 8bre 1776 1 Ouvrier au bas de Gochet à Jean Louis Bugnon
316 2330 1432 2404 signé pour-elle ; Voyer
2978 2378 3664 2446 finira en 1786:
298 2408 2465 2517 Pierre Megroz pour le Paquet des Abergemens ;
2942 2438 5294 2553 5 9bre 1777 1 Ouvrier & derui en Penloup au sien Liardet
286 2509 2656 2637 Jean Riehard pour être payé des 6++ pour mois d.
3461 2587 4106 2649 finira en 1783
3402 2646 5360 2756 1 Ouvrier aux Rocailles au St Jean Etienne
328 2676 1265 2756 Marianne Megroz
2930 2694 3121 2744 ditò
268 2760 2691 2864 Le Secretaire Muller au sujet de son frere le Ministre
3408 2772 4470 2846 Liarder finira en 1786:
3378 2832 5210 2941 1 Ouvrier à la Perraire à Francois Généon
292 2867 2674 2971 qui continue dans ses changemens, il veut prendre
2936 2879 3115 2935 ditò
3420 2975 4464 3049 Bugnon finira en 1786
310 3017 1647 3084 un mauvais fermier; Copie,
2948 3029 5366 3162 ditò	1 Ouvrier en Voilliere à David Abetel finira en
656 3122 1802 3216 Du Samedi 15 9bre 1777
3372 3178 4894 3264 1786 Mr. le Baillif à la Chasse
334 3243 2602 3335 Recu de Mtre Samuel Pahud de St Cierge, Cent
2948 3261 5175 3365 Citation contre Samuel Chambet de Frand Vaux
316 3357 2733 3437 Cinquante florin pour trois Intérêts échus les 4 Mais
2954 3363 5354 3466 de l'instance d'Abraham Barbaz, Jean Francois Pari-
2918 3464 5348 3568 sod & Henri Bessaz de Vilette fermier de la Dime de
322 3470 2721 3544 1772. 1773 & Mil-Sept. Cent Soixante quatorze, (1774)
2954 3560 5342 3675 V–e & G–x réclament 8 javelles en tout, au lieu de
328 3590 2632 3657 de la Somme de Fl. 1000 qu'il doit par Lettre de
2960 3661 5318 3777 3 gerbes d'orge x1 de froment ; au Samedi 6 xbre en
322 3691 2662 3777 Rente du 10 Avril 1725 Signé Egrege Freymond ;
5133 3775 5342 3831 2 sols
2978 3810 3509 3878 Sommaire
304 3816 2142 3896 Bordereau 2 louis neufs ; = Fl. 80 :
2978 3864 5282 3968 Déclaration 23 8bre 1777 en faveur de Mr Lieby de
1826 3924 2113 4034 70
501 3930 1056 3992 2 gros Ecus ;
2984 3948 5354 4063 Thoun qu'il a fait 9 Chars présente Année ienne
328 4007 2811 4135 Lausanne 16 9bre 1777. P–s de Vd 150 dont Quittance
2984 4055 5240 4165 Vilette signé Dupuis justicier, Permission Clavel
2984 4151 5157 4260 Lieutenant légalisé la signture de ce dedrnier
340 4186 2457 4284 Aporter au Titre & au Crédit de la Caisse ; = 60:
5091 4258 5389 4320 8 sols
2990 4270 4930 4356 scellé & signé, au lieu de 16 sols, tiré ;
