5453 4428
516 265 648 360 16
959 320 2241 431 Du 23 Juillet 1770:
500 440 2620 541 Nous le Lieutenant & Conseil de la Ville
500 565 2484 670 & République de Berne, Tit. Salut !
464 725 2552 829 Vous voyez par la Suplique ci-inclus & les
452 831 2686 939 autres Pièces y annexées, ce que Jean-Antoine
464 947 2666 1051 Samuel Doxa à Lausanne, Nous a représen-
444 1062 2652 1172 té au sujet des difficultés qu'il a tant avec les
460 1194 2584 1287 proches Parens, qu'avec la Ville de Lausanne ;
460 1308 2660 1405 concernancant la Liquidation juridique de ses dettes ;
454 1420 2614 1522 Nous vous renvoyons les dites pièces avec ordre
466 1544 2566 1634 de les communiquer au Conseil de Lausanne
452 1650 2584 1744 en enjoignant au dit Conseil de taches pour
468 1761 2600 1866 bonnes considérations d'éviter un Décret, au cas
468 1881 2696 1990 que le Bilan fourni par le dit Doxa soit juste
472 2007 2572 2114 & que son avoir surpasse ses dettes ou du moins
508 2131 2656 2234 les balances ; du reste dans la supposition qu'il
484 2243 2616 2346 soit impossible de liquider. Nous nous en re-
470 2361 2540 2456 mettons au Conseil de Lausanne pour agir
500 2477 2522 2580 selon le prescrit des Loix, reservant au dit
510 2599 2648 2692 Doxa tous ses droits, & ses prétensions légitimes
498 2715 2542 2800 Dieu Vous ait en sa bonne & sainte Garde
542 2824 1730 2936 Donné ce 19 Juillet 1770
1268 3061 1480 3178 L.S.
4926 279 5038 374 17
3357 306 4607 408 Du Jeudi 36 Juillet;
2886 406 4974 508 Présidé aux Orphelins ; Lecture du brevet du
2866 512 4984 608 Conseil 20 juillet au sujet de lettre de Mr de
2854 616 5138 726 Fresens 18 juillet qui annonce que Marie Anne
2846 740 5060 848 Pénégaux veut payer aux enfants de sa soeur
2850 852 4938 970 susanne premiere femme de Jean Samuel
2858 976 5098 1086 Crespin 260 petits Ecus monneye de Neufchâtel
2862 1092 5024 1208 qu'elle doit pour solde de partage ; refusant de
2858 1196 5022 1324 remettre cette Somme au Mari   sans aver
2846 1302 4998 1442 tir le magistrat ; le dit Crespin praroissaux
2842 1428 5072 1566 la réclame pour son commerce, & conssesse d'a
2866 1544 4969 1678 voir reçu prédédement de hestoc de sa pre
2850 1657 4998 1797 miere femme la Somme de 43 Louis qu'il est
2842 1773 4998 1901 en état de représenter ; Le Secretaire s'est chargé
2842 1890 4904 2006 d'écrire à Mr Banderet, de le remercier &
2834 2002 5076 2106 de l'aviser qu'on recevra la sus-dite Somme de
2854 2112 5005 2228 260 petits Ecus en lui renvoyant le titre quit
2854 2224 5002 2344 tancé, qu'à remis le dit Crespin, il est du 15
2866 2328 4404 2468 fecrier 1766: l'int. est au 4 & 1/2 ;
2838 2448 4980 2573 Jeanne Blondel veuve Violet, femme Jacob
2838 2550 5074 2673 Coulin se présente pour demander qu'il lui soit
2846 2657 5068 2787 remis quelque argent de sa cote, & que la pen
2854 2757 5064 2893 sion de ses 4 filles soit augmentées ; elle dit re-
2842 2866 4966 3006 voir 18 gros Ecus du tems de la régie des biens
2854 2980 4914 3114 de fer Violet ; le Président est chargé d'en
2862 3099 4946 3219 conferez avec Mrs de la Direction Française
2850 3201 4950 3333 & de les inviter à correspondre avec la Bour
2866 3311 4974 3446 geoisie de Vevey; le Directeur inscrit une
2870 3411 4934 3548 protestation sur le plaintif dont je ne tiens
2878 3515 3490 3610 pas compte ;
2878 3615 5040 3764 La Chambre approuve l'Acte que Mr Real
2874 3722 5018 3865 Curateur aux biens de Samuel Sauther approuvé
2906 3822 4956 3983 en faveur des pauvres pour la Somme de fl
2898 3951 4920 4088 1931 : qui leur devait & qui rentrera à la
2966 4051 4644 4184 mort du dit Sauthey sans intérêt ;
