5884 4675
410 255 523 359 16
523 271 2786 405 Lundi 13 Août ; la dictature a été lon-
492 389 2844 507 gue, Sechaud refusoit un terme, Ordon-
484 521 2656 627 né de 8aine, & le Capiatis suspendu ;
460 640 2292 757 N°3 absent, il est à Warens;
496 740 2902 875 sorti à 1h rentrée à 2; N° 2 ne reparoit
474 862 2934 1003 plus, la Cause Louis Porta contre l'Ab-
482 992 2832 1123 baye Forel est renvoyée de 8aine; N°2 dit
538 1143 2612 1247 qu'il n'a point vû les Pièces;
492 1261 2876 1401 Rélevée les 8 de Pully assignés par le
462 1385 2840 1521 Conseil pour répondre à 7 Interrogats
466 1512 2882 1639 & le général, pr savoir si Philippe Corsat
530 1646 2852 1755 & Frederich Milliquet, les avoient solli-
462 1769 2808 1879 cités de porte en porte & de nuit point si-
496 1887 2796 2003 gnes une Procuration en leur faveur;
478 2005 2748 2127 refusoient de prêter sermert, & prétendoient
490 2129 2872 2238 être crûs sur leur parole, ne pouvant pas
478 2239 2912 2358 se rappeller des fait depuis le 1 Janvier 1780:,,
470 2365 2824 2489 On leur explique la chose; la plupart ont
506 2490 2896 2607 signé de nuit soir ou matin à la lumiere
526 2614 2820 2724 après lecture de l'Ecrit pour présenter
490 2737 2864 2853 requête, aux fins d'obtenir un riene Conseil
548 2857 1948 2987 & le l'adressement des abus ;
474 2969 2852 3109 Cause de la Sechaud contre le Justicier Rey
458 3091 2812 3225 elle fait lire de Très mauvais Grieffs com-
482 3231 2860 3351 posés par Boucherles, plaintes contre la
446 3350 2692 3477 Justice de Vilette point de Parlier,
532 3458 2836 3597 Louis Porta répond & fait voir qu'à trois
556 3579 2804 3729 égards la Cause est perie, j'ajout que
516 3695 2780 3863 le 8 juin 1780:,, déclaroit elle-même la
496 3829 2868 3985 Cause déserte pour attaquer par les Lois du
452 3961 2656 4099 Talion, fol. 175: & 177; du Coutumier ;
600 4069 2900 4219 La sentence est confirmée, ces gens-là font
582 4181 2880 4339 beaucoup de Clameur, & en appellent, il ne
608 4289 2906 4453 tiendroit pas eux d'invectives Porta & Rey;
3190 290 5340 396 Lundi 13 Août; Cause Hemeling contre
5452 386 5540 468 17
3154 418 5370 514 le St. Megroz défenseur du Décret Jean
3100 530 5400 636 Pierre Lavanchy; Lutry, il réclamoit 62
3134 677 5518 747 fl. 6 de Vacation Frustaires, prétendant
3118 770 5060 874 qu'une Sentence Ble rendue le
3096 888 5464 1006 inculproit les Commis; On lui a nié de
3122 1016 5412 1132 devoirm il laisse juger sur demande & ré-
3120 1150 5436 1264 ponse; il a été méritoirement condam-
3130 1278 5356 1386 né, Griefs contre la Justice, & le Secret pr
3138 1392 5508 1508 lui avoir fait payé, fl. 12: 6: au lieu de
3168 1502 5524 1620 fl. 6, pour avoir jugé des Causes avant
3132 1602 5232 1736 la sienne, & soumis à trois délais;
3088 1734 5484 1860 pr les écritures evasées, pr avoir introduit
3102 1862 5426 1980 un Grand compte dans le Role d'une;
3080 1978 5444 2108 il parle de Pots & de Venes contre 3 ju-
3116 2110 5476 2232 ges ; Megnoz s'enflamme parle de bettises
3088 2236 5444 2358 de sottises ; d'impertinences, dit qu'il tient
3066 2362 5484 2464 du Direct Secretan qu'Hemeling est un
3080 2483 5426 2584 fou, La sentence est confirmée, en im-
3084 2598 5320 2712 prouve les mauvais propos Hemeling
3068 2714 5460 2836 Megnoz fait ses excuses, Emol, 8: 8: 6:,,
3148 2874 5464 2974 Bissat ci devant Bopj. pour s'opposer à
3106 2980 5418 3080 ce que les Directeurs de Oson bien le pein-
3052 3090 5444 3196 tent dans la feuille d'avis de demain, à
3028 3194 5488 3322 raison de ce qu'il leur dispute cette qualité
3066 3330 5140 3432 au Château d'Ajrsdun ; accordé ;
3070 3448 5452 3558 Beau soleil, le matin, Nuagelix Gin au
3086 3570 5562 3688 Vent, pluye à 2h. averse, soleil ensuite
3046 3692 5358 3804 pluye de nouveau, abondante à 8h
3192 3798 4612 3941 Bar. 26/10 : Therm 8 1/2;
3066 3924 5516 4051 Mardi 14 Abondante pluye, 2h du matin
3120 4034 5466 4168 Cuellette de Pêche, sous le Toit au Levant
4154 4195 5450 4260 N°1. dernieres Figues;
3196 4217 3706 4305 4 Peches;
4144 4278 4438 4344 n°3:
3194 4310 3664 4389 4 Peches,
4138 4363 4430 4447 n°5:
3190 4404 3690 4481 4 Pêeches
