5757 4645
652 301 2704 387 Samedi 5: Janvier, A mon frere à la
859 438 1397 500 Haye,
1104 563 2710 649 – Du Samedi 5 Janvier –
614 725 2226 822 Vos lettre des 18 & 25 x
2191 731 2877 811 bre sont bien
704 838 1785 936 arrivée dans leu
1916 856 2925 924 temps à l'inspec-
1629 922 2221 1002 de la derniere
2459 934 2680 997 de vous
704 934 1982 1043 tion du lardan je
2107 981 2883 1043 fin se jour que
614 1065 2895 1169 vous eussiez eté en étant de tenir la
704 1202 2776 1288 plume mais qu'elle ne fut point
620 1316 2740 1414 ma douleur d'apprendre que Vous
692 1441 2764 1545 etiez aux prises avec les sangues
638 1567 2794 1664 qui Vous enleve une portion de
662 1680 2764 1790 Votre vie pour Vous conserver le
728 1793 2752 1909 reste, dieu vieullle veuille que Vous
656 1913 2782 2040 n'ayez pas tarde a recevoir quel-
620 2026 2847 2178 que soulagement apres une si lon-
608 2164 2812 2297 gue attaque, & qu'il s'ecoule bien du
597 2289 2806 2417 temps avant que Vous soyez appelé
597 2420 2812 2536 à acquitter de nouvelles dette. Je ne me-
597 2540 2704 2649 tois à ame pas trompé dans ma
638 2671 2770 2775 conjecture, en supposant que Vous
644 2796 2585 2900 ne mettiez point Batard &
632 2904 2919 3020 Rasset dans les membre de ceux que
614 3035 2883 3139 Vous desiriez de revoir, le tu autans
614 3143 2734 3258 sera de retirer d'eux les quatre
1289 3219 1444 3288 lig 33
668 3250 2835 3402 Du catsilli ils tiennent tous les memes
674 3370 2824 3527 langage pretendant que Vous avez
698 3507 2883 3635 assez aux Agents de service pour
686 3644 2818 3772 Vous recuperer ; le 26 xbre Batard
585 3764 2716 3885 me présentoit un fer hoi bel homme
680 3865 2925 4017 fort et robuste agé de 24 ans ; il la recom
692 4008 2895 4136 mandait pour ne point payer ces quatre
770 4140 2710 4238 oucate, je lui repondis que j'avais mes
859 4259 2591 4339 ordre, qu'il fallois s'executer
3110 265 5391 357 & qu'ensuite je lui feroir un étrenne 97
3104 390 5355 476 raisonnable pour le bonne connais-
3104 492 4770 590 sance qu'il m'a procurée ;
3104 599 5295 727 Du lignage a passé quelque jours
3104 719 5307 846 ici, il grilloit, de partir pour aller
3122 850 5277 960 prendre la Patente, je l'envoyai à
3140 952 5248 1073 lutry pour considerer un peu notre
3104 1053 5343 1211 beau Batard & ebaucher la consersa-
4531 1077 4907 1151 aveij lui
3140 1149 3536 1252 tion qui
3785 1161 4414 1248 avais pas voulu
3785 1184 4414 1276 demandait
4414 1184 4907 1270 entamer
4710 1256 5337 1318 Leuir & pret
3164 1280 5331 1425 a monter la garde ; retranchez le
3164 1393 5379 1563 dernier Artiale, diminuer l'autre de
3146 1513 5230 1676 moitier, repartit Du lignage & nous
3152 1644 5236 1802 pourrons ensuite nous s'approcher
5021 1680 5373 1754 H: lig. 24
3146 1781 5331 1915 Rosset qu'il recontra de barad le
3086 1889 5385 2052 menaçoit d'aller prendre parti auprès
3122 2008 5295 2172 de Mr de Cottens à morges, si l'on
3110 2122 5337 2285 fixoit pas tant de suite son sont ;
3140 2253 5439 2417 même avant l'assivée d. la Patente
3230 2307 4471 2440 le voit là libre à
3074 2349 3612 2446 Lame di
4089 2426 5427 2524 Du lignage s'en reourna
4065 2480 4286 2536 chez
3086 2486 5361 2643 chez lui tristement, ou il paroit qu'il
3080 2641 5421 2775 ne s'amure pail. je l'invitai à patien-
3098 2755 5421 2906 ter, en lui offrant de l'argent, il dit
3098 2904 5373 3032 qu'il renieroit au temps de partir
3283 2976 3653 3073 ce que j
4061 3011 4668 3079 bon augure
3653 3023 5474 3169 prie Bonne, elle, Brave Bidau
3200 3023 3653 3109 pour
3092 3149 5397 3294 ne s'impatientoit point de me faire sa
3086 3268 5039 3402 visite, il a fallu le Brander, il s'emp
5039 3310 5391 3384 orta
5039 3334 5480 3426 leu lundi
3098 3399 3391 3467 21 il
3468 3405 3892 3487 comme
4002 3447 5349 3557 ça par faire Vos éloges,
3313 3453 3879 3533 manifesteant
3038 3513 5456 3670 que Vous etiez un superieur, loyal, juste
3152 3620 5385 3784 & bien aimable à sesoir, mais qu'il
3128 3746 5397 3939 ne pourroit pas rejoindre à & le poin
4967 3817 5403 3879 cause de
3164 3871 5462 4005 son proces dont il en font occupe & de
3208 3996 5445 4130 mettre ses petits fonds en conne culture
3050 4110 5379 4238 je lui dis qu'en ce cas, il falloit acquitter
3134 4235 5271 4333 les 4 ducoits de sorte, mais il 'y filla
